1078 1774
106 61 911 70 canõ, & auquel l’on redoubloit des batteries ſi fu¬

102 111 911 68 rieuſes que de vingt deux lieux en Allemagne lon

101 161 908 66 entẽdoit ayſemẽt le bruit des canõnades: & en fin

101 207 903 70 la puiſſãte armee deCharles le Quint Prince d’au¬

108 262 900 66 guſte memoire pour la fatigue cõtinue que luy dõ

103 311 903 64 noit ce Prince, ſe retira camus auec vn fort grãd e¬

107 357 899 71 quipage. Noſtre Prince ne ſe contẽtant d’auoir rẽ¬

106 405 898 71 porté la victoire voulut faire paroiſtre vne eſtin¬

101 454 902 68 cele de ſa bonté & miſericorde, ſecourãt ſes enne¬

99 506 906 68 mis propres, donnant aux malades & naurez des

101 555 899 66 chirurgiens, & les inuitant d’vſer de toutes cõmo¬

102 603 901 67 ditez qui eſtoient en ſa puiſſance cõme remarque

99 650 897 69 vn fidele Hiſtorien Allemã. Mais ce Ceſar ne pou¬

97 698 903 65 uant eſtre terraſſé ayant ſon homme en teſte, fut

97 749 904 68 traiſtreuſement tué au ſiege d’Orleãs par Poltrot,

97 798 900 67 de trois balles empoiſonnees, choſe qui eſt ordi¬

94 844 890 72 naire aux heretiques, & de tous leurs alliez d’vſer

98 895 895 68 de poiſons & de trahiſons, à la perſuaſiõ & ſollici¬

96 947 890 64 tation de ce venerable putier de Beze, luy prome¬

96 991 884 70 tant ſur la vie & ſon hõneur le Royaume de Chriſt,

103 1040 884 76 car pour telles gens il n’y a point de Ieſus, Dieu ne

93 1091 896 68 laiſſant le meurtrier impuny. Pour qui eſt-ce dy

93 1141 898 68 moy, Chreſtiẽ, que ce genereux prince a reſpandu

92 1188 898 68 ſon ſang? Ton Dieu, ta religiõ, la cõſeruation de la

93 1241 895 63 couronne, ta vie & la mienne ne ſont ce pas autant

94 1289 888 67 de iuſtes cauſes : duquel tu dois auoir la mort glo¬

91 1334 896 71 rieuſe, fichee & arreſtee deuant tes yeux, pour te

97 1391 884 63 maintenir au zele de la religion : Quoy? eſtimes tu

95 1437 887 63 que tu mãques d’eſtroite obligatiõ avẽger ſa mort

97 1481 881 72 &te ſacrifier volontairement à noſtre Dieu com¬

99 1538 881 58 me vne victime, veu que il y va maintenant de

92 1580 883 80 la manutention de la religion ſaincte, & de l'hon¬

527 19 27 66 8

907 1648 77 53 neur
