1066 1768
529 23 22 59 4

73 72 910 45 perance d’vn heureux abord. Choſe qui cauſe que

72 107 909 65 ie me plains de viure en vne faiſon ſi miſerable:

75 157 906 61 comme faiſoit en l'Egliſe primitiue ſainct Poly¬

73 210 908 61 carpe en ces mots, O bone Deus, in quæ tempora me con¬

72 253 909 68 ſeruaſti, vt hæc ſuſtine am, in huiuſmodi afflictione & hæ¬

75 302 904 67 reticorum tyrannide. O bõ Dieu en quelle ſaiſon m’a¬

73 353 906 66 uez vous reſerué pour ſupporter ces choſes en tel¬

75 400 906 67 le affliction & tyrãnie des heretiques: par leſquels

79 444 901 73 propos l'on peut cognoiſtre quelle trauerſe ce

78 499 898 63 ſainct perſonnage ſentoit en ſõ ame entre les cru¬

76 549 901 66 autez & perſuaſions des heretiques. Toutesfois

78 595 899 68 vne choſe me reſiouit grandement & conſolide

82 648 892 60 mon cœur, qu’encore que ce tyran de noſtre ſiecle

81 693 893 68 conſpire en ſon ame la ruyne & deſolation de la

84 742 881 68 pauure France, & la perte de noſtre ſaincte religiõ,

84 792 884 66 qui eſt mille fois pl⁹ dãgereuſe que la perte de noz

88 844 880 60 vies, & que le dommage entier de tous nos biens,

86 891 882 66 qui ſont ſouz la main & puiſſauce de fortune, que

237 954 638 44 Nititur in eaſſum nauem ſubmergere Petri

253 994 602 59 Fluctuat, & numquam deſinet eſſe ratis.

234 1046 610 51 Pourneant il s’efforce renuerſer le bateau

234 1082 708 67 De ſainct Pierre qui flotte, & flottera ſur l'eau.

118 1134 853 65 D’autant que par la promeſſe infalible de noſtre

91 1183 879 67 Dieu il ſubliſtera maugré les ennemis de noſtre

88 1230 880 72 foy, uſque ad conſummationem ſæculi: Iuſque à la con¬

91 1284 877 62 ſummation du monde: regretant infiniment qu’en

92 1331 878 67 ces derniers iours pour la trop grande facilité de

92 1381 876 67 quelques cerueaux mal tymbrés, l’erreur & opiniõ

88 1429 882 69 peruerſe ſe ſoit gliſſé permy noſtre France, & que

88 1479 879 62 noſtre lys iadis fleuriſſant, maintenant fletriſſant

92 1527 872 67 pour la grande chenilere des heretiques, & autres

91 1574 865 98 qui le rongent ſoit comblé d’affliction, & deſola¬
