1090 1776
549 31 19 53 6

104 71 900 62 tes Eſcritures ie me fondray ſeulement en raiſons

103 120 898 62 faciles & ayſees à digerer, bornãt ce petit diſcours

103 170 900 61 de ce qui eſt arriué à ces troubles, qui ont piteuſe¬

101 221 899 59 ment dechiré la pauure Frãce: attẽdu que les cho¬

101 265 900 65 ſes domeſtiques & qui ſe font chez nous excitent

102 316 900 64 d’auantage noz eſprits que les choſes foraines &

101 365 894 64 eſtrangeres. Or donc, qui eſt celuy, Chreſtiens,

102 416 900 60 qui ne recognoiſſe que noſtre Dieu ayãt compaſ¬

100 463 902 61 ſion de la France, à cauſe de ſon ancien zele, &

106 513 892 61 grande ardeur en la religion, voyãt qu’elle ſe pre¬

102 563 900 59 cipitoit en vn gouffre d’erreurs, & abiſme d’opi¬

100 610 900 60 nions fantaſtiques n’aye ſuſcité ceſte illuſtre mai¬

100 658 900 63 ſon de Lorraine pieuſe & genereuſe à la defẽce de

101 709 895 61 ſon S.nom, & ne l’ayt fõdee en ceſte region com¬

101 759 900 59 me vne fortereſſe biẽ munie côtre tous les aguets

102 808 894 60 des ennemis de noſtre religion ? laquelle maiſon

100 854 895 63 eſtant yſſue de ce grand Chef d’armees ſouz l’eſtẽ¬

100 903 897 61 dart de Ieſus-Chriſt Charle-maigne, & de ce preux

103 954 893 61 Cheualier Godefroy de Billõ, qui par tant de l’au¬

100 1003 895 59 riers & tãt de victoires heureuſemẽt rẽportees cõ¬

101 1050 898 57 tre l’infidelle s’eſlablit Roy de la Paleſtine: laquelle

103 1103 894 57 di-ie tant de prerogatiues & preeminences deſ¬

101 1149 897 60 ſus les plus apparentes maiſons de la France, auec

102 1200 897 57 tant de benedictiõs de Dien, que vous y voyez vne

102 1246 895 62 formiliere d’enfans maſles, vrayes images de leurs

108 1296 891 63 peres, ſuyuãt la trace de leurs ayeux, &ne forlignãt

109 1344 888 65 pas d’vn petit poĩt de leur vertu & grãdeur de cou¬

103 1393 895 64 rage, ſi adextres aux armes, & ſi curieux de l’hon¬

105 1443 895 62 neur de Dieu, qu’il ne ſe remarque aucun d’iceux

106 1491 892 63 qui ayt eſté entaché, ou biẽ ſoupçõné de l’hereſie:

107 1540 893 62 brief ſi accomplis & embellis de toutes perfectiõs

110 1590 891 78 Chreſtiẽnes, qu’ils ſont comme vne lampe arden¬
