1120 1852
500 49 26 38 9

55 74 908 69 neur de Dieu contre des ſuppots de Satan les here¬

57 121 909 72 tiques & ſimulez politiques. Nous ne manquons

63 168 903 72 pas, Chreſtiens, de tels Princes pour nous exciter

59 218 907 68 à embraſſer virilement & courageuſement le par¬

60 265 914 69 ty de noſtre Dieu, en nous oppoſant à l'audace de

61 314 907 69 ceux qui deſirẽt deraciner & defouir en ceſte ter¬

62 365 908 72 re les fondemens de noſtre religion. N’auons nous

67 414 904 72 pus eu Monſeigneur le Duc d’Aumalle pere de ces

65 461 910 72 Princes, qui pour le iourd’huy nous ſeruent d’vn

66 510 909 73 Pauois contre les trahiſons ſanglantes de noſtre

67 561 908 69 tyran, lequel voulant extirper l'hereſie mourut

71 610 900 74 pour noſtre querelle envaillant champion? Quoy?

68 663 909 65 as tu perdu la memoire des inhumaines & plus que

70 707 906 69 turqueſques cruautez perpetrees en ces derniers

72 756 904 70 iours? Ce Ceſar, ce Scipiõ, ceſt eſpouuentail d’here¬

73 807 905 70 tiques n’eſt il pas attaché, comme vn riche tableau

74 856 905 65 au cabinet de ton cœur? Ce prince qui ne reſpiroit

76 906 905 67 rien, ſinon que l’honneur de Dieu, la conſolation

78 956 904 66 des pauures Catholiques, l’extirpation des hereti¬

81 1005 901 67 ques: pour la deſcharge des ſubſides, pour noſtre

78 1053 901 65 ſaincte religion, & generallement pour la reforma¬

78 1102 900 62 tion de toute la deſolee Frãce a eſté traiſtreuſemẽt,

80 1151 904 65 & pariurement aſſaſſiné: Qui ne cognoit à veue

81 1200 904 63 d’œil, & touche du bout du doigt, que le piuot de

81 1250 904 66 la France, que le plus braue cheualier qui iamais

81 1300 906 62 mit pied en etried ne ſoit par terre? N’eſt-ce pas ce¬

82 1346 906 66 luy qui de ſa ſeulle preſence a garenty Paris, la plus

81 1396 907 66 floriſſante ville du monde d’vn ſacagemẽt vniuer¬

91 1441 899 66 ſel? N’eſt-ce pas ce Prince qui retira l’eſpee nüe de

88 1492 903 68 la main du ſoldat du ſein des bourgeois d’icelle?

86 1544 908 63 N’eſt-ce pas ce genereux conducteur d’armees qui

86 1590 905 82 tant de fois, & ſi heureuſement a terraſſé & taillé en

787 1648 31 62 B
