1120 1824
541 65 26 45 7

81 93 910 69 te à toute perſonne qui veut reformer ſa vie diſſo¬

82 143 914 68 lue, & cheminer aux erres de Ieſus Chriſt. Et d’au¬

82 191 913 73 tant qu’en icelle nous auõs eu pour protecteur de

83 239 912 74 noſtre cauſe aux premiers troubles, feu Monſei¬

89 295 907 67 gneur le duc de Guiſe le pere, lequel pour ſes rares

87 339 909 69 & excellents faicts d’armes ſera le premier deſſus

87 388 908 71 les rangs aux choix de tãt de princes de ceſte race,

90 441 906 66 qui pour la gloire & l’honneur de Dieu, pour no¬

88 490 909 63 ſtre ſaincte religion que nous auons de main en

89 537 903 67 main des Apoſtres, & pour la cõſeruation du pays,

89 586 909 62 ont conſacré & voué deuotieuſement leurs vies: &

93 636 907 64 qui s’eſt faict paroiſtre entre iceux (cõme la Lune

90 684 908 67 entre les feux du Ciel) par ſes auãtageuſes proüeſ¬

91 732 908 67 ſes. Car qui eſt celuy qui croira qu’vn hõme mor¬

90 780 906 69 tel reueſtu de chair & d'os puiſſe auoir pris ſur l’ẽ¬

90 830 908 67 nemy de la religion, Calais ville frontiere & mari¬

90 881 909 66 time imprenable, pour la ſituation & l’artifice des

91 931 910 65 hommes, deuant meſme que la garniſon Angloiſe

90 976 908 70 ſe fuſt à grand peine douté d’vn ſiege, & ſ'en ſou¬

91 1029 904 65 ciant fort peu, veu qu’ils auoient ce diſtique latin

98 1079 405 64 ordinaire en la bouche,

225 1121 708 69 Et tunc credibile eſt cingi obſidione Caletum,

225 1176 720 65 Cùm ferrum plumbúmue natabit ſuberis inſtar.

224 1226 692 64 Il ſera vray ſemblable que Calais on aſsiege,

226 1275 712 66 Quand le fer & le plomb nagera comme liege.

121 1323 878 62 Et meſme les Roys d’Angleterre s’aſſeuroient

91 1371 908 65 tant ſur les fortereſſes de ce lieu, qu’ils diſoient que

94 1418 901 65 la clef de la France eſtoit pendue en leur ceinture.

95 1468 904 67 Mais quoy?ce Prince aſſiſté de la dextre du Dieu

94 1515 904 62 des armees n’a il pas ſouſtenu courageuſement le

92 1568 904 65 fort d’vn ſiege le plus violent qui fuſt oncques de¬

94 1614 896 99 dans Mets, où lon tira tant de volees de coups de
