1120 1824
535 71 21 46 5

81 101 918 65 tion. Attendu qu’es ſiecles precedents la France a

83 150 917 61 eſté preſeruee de ceſte peſte: & qui meſme comme

87 202 911 57 dit ſainct Bernard auoit de couſtume d’extirper &

94 252 905 60 punir rigoureuſement l’hereſie eſtrangere: en eſt

88 297 756 63 maintenant toute infectee & corrompue.

108 347 888 62 Et d’autre coſté voyant à mes yeux les ſangliers,

96 395 902 65 (qui ſont les heretiques qui deſirẽt plãter le flam¬

94 445 904 61 beau de leurs hereſies à guerre ouuerte pour cen¬

93 494 906 61 droier l'eſtat de la France) & les fins renards (com¬

96 543 903 62 me noz politicques, auec leur prince) traiſtre de

96 592 902 63 noſtre religion, participants de meſmes ſacremẽts

102 640 896 60 que nous, qui deſirent eſtablir ſous main ſur noz

96 691 903 61 fleurs de lys ce relaps Henry de Nauarre, pour aſ¬

101 738 896 58 ſeoir vne meilleure fortune: & brief toutes ſortes

103 788 892 64 de beſtes ſauuages, rauager & defricher ceſte pau¬

103 839 888 62 ure vigne de noſtre Dieu, plantee par luy meſme,

105 890 889 61 arrouſee de ſon precieux ſang, & de celuy de tant

109 940 884 59 de glorienx martyrs que nous auons pour prote¬

106 984 888 62 cteurs en noſtre France. I'ay eſté ſi viuemẽt attaint

107 1036 887 56 en l’ame quãd i’ay cõſideré les maux que nous en¬

107 1083 886 59 dureriõs pour en voir ſortir vne bõne iſſue. Tou¬

107 1132 885 59 tesfois i’ay vne telle confiance en la miſericorde &

111 1181 883 65 puiſſance de mon Dieu, que i’eſpere que perſonne

109 1231 884 61 ne pourra preualoir contre nous, ſi d’vn cœur cõ¬

109 1279 883 60 trit & humilié nous nous rangeons entre les bras

110 1327 879 60 de ſa miſericorde, nous fortifians à l’encontre de

108 1376 879 58 noz ennemis de ſon ſainct nom: ſans laiſſer en ar¬

110 1426 879 61 riere en ceſt affaire les moyens qui ſe preſentent

110 1473 879 63 deuant noz yeux. Et n'ayant en cecy autre but que

111 1523 878 59 de rechaufer les plus frois en l’amour de noltre

108 1568 876 65 Dieu, & d’vn zele enuers sõ Egliſe, & entre autres,

111 1620 871 81 ceux principalemẽt qui ſont incapables des ſain¬

716 1674 113 65 A iij
