1124 1828
96.0 250.0 921.0 103.0 LE FAVX VISAGE DESCOVVERT

323.0 317.0 475.0 86.0 du fin Renard de la France.

346.0 384.0 459.0 69.0 A tous Catholiques, &c.

161.0 827.0 279.0 85.0 E

510.0 478.0 515.0 65.0 N ce temps calamiteux, &

510.0 524.0 515.0 68.0 deplorable (Chreſtien & Ca¬

514.0 574.0 515.0 70.0 tholique) auquel il ſemble

514.0 625.0 513.0 70.0 que toute la puiſſance de Sa¬

515.0 679.0 509.0 62.0 tan ſoit dechainee auec re¬

513.0 719.0 511.0 70.0 ſolution de nous faire courir

515.0 770.0 509.0 70.0 fortune de noſtre ſaincte re¬

517.0 819.0 510.0 75.0 ligion: I’ay eu en ſinguliere

513.0 875.0 514.0 64.0 recommandation d’exhorter

120.0 920.0 908.0 75.0 vn chacun à ce roidir & tenir ferme contre les aſſi¬

122.0 970.0 906.0 77.0 duels aſſaults que nous liure l’ennemy commũ du

128.0 1021.0 898.0 75.0 genre humain par les heretiques, politiques & au¬

125.0 1073.0 901.0 69.0 tres qui viennent de ſa part: & ſpecialement entre

129.0 1121.0 894.0 72.0 les Chreſtiens les plus zelez & vrays Catholiques,

129.0 1170.0 899.0 71.0 qui deſirent d’vne ſaincte volonté la conſeruation

119.0 1217.0 909.0 74.0 & propagatiõ de l’Egliſe, à y mettre la main: voyãt

117.0 1269.0 907.0 72.0 le vaiſſeau de la pauure France eſbrãlé, par la tour¬

119.0 1318.0 902.0 67.0 mente & emotiõ des flots des heretiques, agité d’v¬

120.0 1367.0 907.0 73.0 ne part & d’autre des vents impetueux, & haleines

122.0 1416.0 904.0 72.0 puantes des Politicques: enuironné d’vne infinité

122.0 1464.0 905.0 72.0 d'eſcueils, auſquels il ſ'aheurtera, ſi Dieu ne le prẽd

125.0 1517.0 903.0 69.0 en ſa ſauuegarde & protection, voguer en plaine

126.0 1565.0 899.0 72.0 mer de tribulations, ſi proche de faire naufrage

135.0 1609.0 886.0 98.0 qu’il reſte à tous les gens de bien, bien peu deſ¬

777.0 1664.0 82.0 78.0 A ij
