1090 1774
536 23 51 46 14

123 57 892 62 vous pas en ceſt acte ſi abominable les premiers

120 108 897 60 trais d’Henry 8. Roy d’Angleterre, quãd il mit la

120 157 897 58 main ſur le ſacré faiſant mourir de la main du bou

119 205 899 57 reau ces deux lumieres d’Angleterre, Roffẽſis Eueſ

121 255 895 59 que de Rocheſtre, & ce docte Chãcelier & excellẽt

121 304 895 61 persõnage Thomas Morus. Il y va du voſtre, & qui

118 352 893 58 eſt bien d’auantage, de la religion de voſtre dieu,

117 401 897 54 couchez y voſtre reſte & ſoyez d’oreſnauant en la

117 450 896 60 bergerie de noſtre dieu, Nont anquam canes muti va¬

116 502 898 56 lentes non latrare, non pas comme chiens muets qui

117 546 895 62 ne peuuent aboyer apres le loup. Donc, meſſieurs

118 596 894 59 les Eccleſiaſticques, en l’honneur de noſtre Dieu

118 645 893 58 faictes fondre & eſclater la verité ſur les oreilles

118 693 894 61 des ennemis de noſtre religion, qui la craignent

120 743 891 63 plus que la corde de laquelle il ſerõt quelque iour

119 792 889 61 pendus, conſacrant pour icelle, & vouãt d’vn bon

117 839 893 63 cœur vos propres vies. La ſaiſõ n’y eſt elle pas pro¬

121 888 890 65 pre? le tẽps n’y eſt-il pas preparé? bref voſtre Dieu

118 939 894 63 qui frappe à la porte de vos conſciences ne vous

118 987 893 61 exhorte-il pas à la faire ſonner haut & cler pat

117 1034 894 57 toute la France? heureux celuy, heureux par trois

118 1082 893 66 fois qui pour vne ſi iuſte & ſi ſaincte cauſe eſpan¬

119 1133 894 61 chera ſon ſang, & mettra ſa vie entre les mains de

118 1180 892 65 ſon Dieu, qui pour loyer & recompenſe luy don¬

117 1229 892 60 nera vne autre immortelle, & bornee de l'eter¬

119 1279 690 61 nité, auec vn contentement ineffable.

137 1327 873 61 Et vous, meſſieurs de Paris, vous pouuez aſſeu¬

118 1375 892 62 rer du bon traictement que lon vous fera, veu que

118 1423 890 65 deja voſtre Roy eſt par terre, comme il dit, ſe te¬

118 1473 890 63 nant fort de vous autres, & qu’il vous y pipera, cõ¬

119 1520 883 61 me ſi vous eſtiez ſi faciles à perſuader, ſi groſſiers,

119 1569 885 77 & ſi peu ſoigneux de voſtre Dieu, de ces temples
