1128 1776
524 19 38 50 19

102 48 882 82 tres princes Chreſtiẽs qui deſcouuroient de leurs

102 97 885 83 terres la faueur qu’on portoit à noz ennemis, &

103 140 884 90 comme ſouz main l'on dreſſoit la planche à la

96 199 893 80 monarchie Françoiſe à ce relaps Henry de Nauar¬

96 249 891 82 re, embraſé du zele de la religion, & de l’honneur

97 296 895 83 de Dieu, qui le conſummoit entierement, fit vne

97 351 894 76 ſaincte vnion auec tous les Princes & potentats

97 391 898 85 de la Chreſtienté pour la conſeruation de noſtre

97 442 899 80 ſaincte religion, & extirpation des hereſies qui

104 491 890 87 y pullulẽt, n’eſpargnant à ces fins, ſes moyens, ſes

100 541 895 79 trauaux, & ſa vie propre: choſe ſi certaine que cha¬

101 591 897 76 cun maintenant la deſcouure a veue d’œil. Que

100 641 897 77 reſte il d’auantage Chreſtien, les ſanglots, les lar¬

102 688 900 80 mes, les ſouſpirs ne ſortent ils point de la bonde

103 737 894 79 de ton eſtomach: & au bout de cela ce tyran nous

105 792 894 76 penſe piper ceſte fois cy encore: mais c’eſt à d’au¬

102 837 901 82 tres qu’il faut qu’il ſ'adreſſe pour vendre ſes co¬

103 886 901 78 quilles, nous le cognoiſſons aſſez à noſtre grand

104 937 900 77 deplaiſir, pour vn pariure, nous le recognoiſſons

104 991 902 76 que trop pour vnqui ſ'eſt laiſſé corrõpre par argẽt

103 1035 904 78 des Rochelois, lors qu’ils eſtoiẽt aux derniers abois

104 1085 904 74 & ſouſpirs de la mort pour la lõgueur du ſiege? cha

104 1135 905 76 cun le remarque aſſez pour vn ateiſte qui entretiẽt

104 1184 907 74 vn Belloy cõme vn pourceau en greſſe à la veue des

105 1231 906 79 plus Catholiques de la France: de Seigneur Belloy

103 1280 910 74 ſon aduocat qui ſe maintiẽt tãtoſt Catholique Ro¬

103 1331 909 72 main, tantoſt Caluiniſte vray Cameleon, & Pro¬

103 1380 912 74 thee en reſolutiõs. Les petits enfans qui ſont ron¬

108 1432 909 72 gez des eſcroueles luy diront à deux doigts pres de

103 1476 915 75 ſon nez qu’il eſt incapable & inhabile de porter la

103 1527 913 72 couronne de France ſur ſa teſte, veu que il ne les

107 1574 912 77 peut guarir de ce mal, ſe fondans ſur ce que Dieu

103 1623 916 78 ſ’oppoſoit à ſon ſacre: quand l’on trouua la ſainte

103 1673 913 85 empoule toute tarie: & pour couper court, chacun

753 1730 92 44 C ij
