<?xml version="1.0" encoding="UTF-8"?>
<alto xmlns:xsi="http://www.w3.org/2001/XMLSchema-instance"
      xmlns="http://www.loc.gov/standards/alto/ns-v4#"
      xsi:schemaLocation="http://www.loc.gov/standards/alto/ns-v4# http://www.loc.gov/standards/alto/v4/alto-4-2.xsd">
  <Description>
    <MeasurementUnit>pixel</MeasurementUnit>
    <sourceImageInformation>
     <fileName>p_018.png</fileName>
    </sourceImageInformation>
  </Description>
  <Tags>
    <OtherTag ID="BT8" LABEL="DamageZone" DESCRIPTION="block type DamageZone"/><OtherTag ID="BT9" LABEL="DigitizationArtefactZone" DESCRIPTION="block type DigitizationArtefactZone"/><OtherTag ID="BT10" LABEL="DropCapitalZone" DESCRIPTION="block type DropCapitalZone"/><OtherTag ID="BT11" LABEL="GraphicZone" DESCRIPTION="block type GraphicZone"/><OtherTag ID="BT12" LABEL="MainZone" DESCRIPTION="block type MainZone"/><OtherTag ID="BT13" LABEL="MarginTextZone" DESCRIPTION="block type MarginTextZone"/><OtherTag ID="BT14" LABEL="MusicZone" DESCRIPTION="block type MusicZone"/><OtherTag ID="BT15" LABEL="NumberingZone" DESCRIPTION="block type NumberingZone"/><OtherTag ID="BT17" LABEL="QuireMarksZone" DESCRIPTION="block type QuireMarksZone"/><OtherTag ID="BT18" LABEL="RunningTitleZone" DESCRIPTION="block type RunningTitleZone"/><OtherTag ID="BT20" LABEL="StampZone" DESCRIPTION="block type StampZone"/><OtherTag ID="BT21" LABEL="TableZone" DESCRIPTION="block type TableZone"/><OtherTag ID="BT22" LABEL="TitlePageZone" DESCRIPTION="block type TitlePageZone"/><OtherTag ID="BT100006" LABEL="MainZone-Continued" DESCRIPTION="block type MainZone-Continued"/><OtherTag ID="BT100005" LABEL="MainZone-P" DESCRIPTION="block type MainZone-P"/><OtherTag ID="BT100008" LABEL="MainZone-Sp" DESCRIPTION="block type MainZone-Sp"/><OtherTag ID="BT100008" LABEL="MainZone-Lg" DESCRIPTION="block type MainZone-Lg"/><OtherTag ID="BT100007" LABEL="MarginTextZone-ManuscriptAddendum" DESCRIPTION="block type MarginTextZone-ManuscriptAddendum"/><OtherTag ID="BT100001" LABEL="MainZone-Head" DESCRIPTION="block type MainZone-Head"/><OtherTag ID="BT100009" LABEL="MarginTextZone-Notes" DESCRIPTION="block type MarginTextZone-Notes"/><OtherTag ID="BT100014" LABEL="MainZone-ListItem" DESCRIPTION="block type MainZone-ListItem"/>
    <OtherTag ID="LT8" LABEL="DefaultLine" DESCRIPTION="line type DefaultLine"/><OtherTag ID="LT9" LABEL="DropCapitalLine" DESCRIPTION="line type DropCapitalLine"/><OtherTag ID="LT10" LABEL="HeadingLine" DESCRIPTION="line type HeadingLine"/><OtherTag ID="LT799" LABEL="default" DESCRIPTION="line type default"/>
  </Tags>
  <Layout>
    <Page WIDTH="1108"
          HEIGHT="1770"
          PHYSICAL_IMG_NR="17"
          ID="eSc_dummypage_">
      <PrintSpace HPOS="0"
                  VPOS="0"
                  WIDTH="1108"
                  HEIGHT="1770">
        <TextBlock HPOS="561"
                   VPOS="14"
                   WIDTH="61"
                   HEIGHT="45"
                   ID="eSc_textblock_6aae2e88"
                   TAGREFS="BT15">
          <Shape><Polygon POINTS="561 14 561 59 622 59 622 14"/></Shape>
          <TextLine ID="eSc_line_6cf4496f"
                    TAGREFS="LT8"
                    BASELINE="572 50 620 50" 
                    HPOS="570"
                    VPOS="14"
                    WIDTH="49"
                    HEIGHT="55">
            <Shape><Polygon POINTS="600 14 585 14 570 14 570 48 570 67 618 69 619 48 615 14 600 14"/></Shape>
            <String CONTENT="18"
                    HPOS="570"
                    VPOS="14"
                    WIDTH="49"
                    HEIGHT="55"
                    WC="0.9998604953289032"></String>
          </TextLine>
        </TextBlock>
        <TextBlock HPOS="103"
                   VPOS="71"
                   WIDTH="942"
                   HEIGHT="1575"
                   ID="eSc_textblock_f6a3a6bb"
                   TAGREFS="BT100006">
          <Shape><Polygon POINTS="117 71 103 1646 1034 1638 1045 76"/></Shape>
          <TextLine ID="eSc_line_32acd6f6"
                    TAGREFS="LT8"
                    BASELINE="127 101 1038 103" 
                    HPOS="126"
                    VPOS="55"
                    WIDTH="912"
                    HEIGHT="65">
            <Shape><Polygon POINTS="1032 67 1022 65 1012 65 1002 65 992 65 983 65 973 65 966 65 952 66 945 65 943 65 933 64 923 64 914 64 904 64 894 64 886 64 865 66 864 66 860 64 855 64 845 64 839 63 833 66 825 63 825 63 815 63 805 63 796 63 786 63 776 63 766 63 756 63 746 62 742 62 738 64 733 62 727 62 717 62 707 62 697 62 687 62 677 62 668 62 658 62 650 56 641 56 640 56 599 64 556 55 555 55 512 56 510 58 500 62 491 62 481 62 471 62 461 62 451 62 441 62 431 62 422 62 412 62 402 63 392 63 382 63 372 63 363 63 353 63 343 63 333 63 323 63 313 63 304 64 294 64 284 64 274 64 264 64 254 64 245 64 235 64 225 64 215 65 205 65 195 65 185 65 176 65 166 65 156 65 146 65 136 65 127 65 127 101 126 110 292 118 293 118 334 113 374 118 375 118 406 113 422 118 423 118 424 118 425 118 441 112 469 118 470 118 471 118 472 118 493 112 529 118 530 118 605 113 617 119 618 119 619 119 658 113 700 119 701 120 778 120 778 119 779 119 780 119 791 113 802 118 803 118 804 118 805 118 806 118 816 113 851 113 883 119 884 119 1037 112 1038 103 1038 74 1032 67"/></Shape>
            <String CONTENT="lier de la Iartiere de Ieſabel d’Angleterre, qui eſt"
                    HPOS="126"
                    VPOS="55"
                    WIDTH="912"
                    HEIGHT="65"
                    WC="0.9942491375482999"></String>
          </TextLine>
          <TextLine ID="eSc_line_8f0b7ce9"
                    TAGREFS="LT8"
                    BASELINE="131 151 1039 148" 
                    HPOS="130"
                    VPOS="108"
                    WIDTH="909"
                    HEIGHT="59">
            <Shape><Polygon POINTS="131 151 131 162 311 167 312 167 313 167 314 167 319 163 322 162 377 162 392 163 425 167 426 167 492 164 546 161 606 164 648 166 649 166 650 166 657 164 669 161 934 165 963 165 964 165 967 165 1017 160 1036 165 1039 148 1037 119 1002 119 1001 118 969 108 968 108 967 108 966 108 933 118 930 119 816 119 811 117 798 111 797 111 796 111 757 117 735 119 715 116 683 110 682 110 681 110 680 110 672 116 667 118 659 116 643 110 642 110 641 110 593 112 592 112 584 115 573 119 565 115 561 112 560 112 559 112 558 112 526 114 515 115 510 114 486 109 485 109 396 113 370 114 355 113 326 110 325 110 324 110 318 112 306 118 293 112 288 110 287 110 252 110 251 110 250 110 246 112 224 120 130 111 131 151"/></Shape>
            <String CONTENT="vne vraye boucherie &amp; eſcorcherie de to⁹ nos fre¬"
                    HPOS="130"
                    VPOS="108"
                    WIDTH="909"
                    HEIGHT="59"
                    ></String>
          </TextLine>
          <TextLine ID="eSc_line_3a12acfc"
                    TAGREFS="LT8"
                    BASELINE="128 200 1039 198" 
                    HPOS="127"
                    VPOS="156"
                    WIDTH="912"
                    HEIGHT="63">
            <Shape><Polygon POINTS="128 200 128 211 172 211 173 211 183 218 184 218 184 218 185 219 208 219 208 218 209 218 210 218 220 211 223 210 343 210 359 212 405 218 406 218 521 213 600 209 617 213 625 215 626 215 627 215 671 213 729 211 735 214 741 217 742 217 743 217 760 214 771 212 810 214 861 217 861 217 862 217 871 214 889 209 915 215 926 217 927 217 962 215 1021 211 1037 215 1039 198 1037 158 1000 156 999 156 998 156 997 156 995 158 986 164 899 164 873 158 860 156 859 156 844 158 817 164 748 164 741 159 738 156 737 156 736 156 583 156 582 156 581 156 569 160 554 165 463 165 455 160 449 157 448 157 447 157 410 160 368 165 283 165 272 161 260 157 259 157 223 157 222 157 221 157 220 157 214 161 209 164 194 161 173 157 172 157 171 157 161 161 155 164 127 162 128 200"/></Shape>
            <String CONTENT="res, ceſte chaſte putain en fait à sõ plaiſir, veu qu’il"
                    HPOS="127"
                    VPOS="156"
                    WIDTH="912"
                    HEIGHT="63"
                    WC="0.9814656346008696"></String>
          </TextLine>
          <TextLine ID="eSc_line_4b4f6c9c"
                    TAGREFS="LT8"
                    BASELINE="127 248 1038 248" 
                    HPOS="127"
                    VPOS="206"
                    WIDTH="911"
                    HEIGHT="60">
            <Shape><Polygon POINTS="127 248 127 258 169 265 170 265 267 259 291 265 292 265 293 265 346 259 377 265 378 266 436 266 436 265 437 265 438 265 448 259 486 259 498 265 499 265 500 265 589 259 631 265 632 265 698 259 708 265 709 265 710 265 711 265 773 259 855 259 862 264 863 264 864 264 865 264 866 264 879 259 912 265 913 265 953 259 993 265 994 265 1037 258 1038 248 1036 209 890 213 862 209 843 207 842 207 797 210 748 213 743 210 740 208 739 208 738 208 738 208 704 210 679 212 668 211 637 206 636 206 635 206 622 211 615 213 604 211 576 206 575 206 535 211 521 213 519 211 511 206 510 206 509 206 465 206 464 206 463 206 462 206 453 212 452 213 403 213 399 212 383 207 382 207 381 207 380 207 371 211 359 206 358 206 262 206 261 206 260 206 238 213 237 214 161 214 161 213 152 208 151 208 150 208 149 208 148 208 127 213 127 248"/></Shape>
            <String CONTENT="eſt garotté &amp; attaché à ſa iartiere. ô bon Dieu qui"
                    HPOS="127"
                    VPOS="206"
                    WIDTH="911"
                    HEIGHT="60"
                    ></String>
          </TextLine>
          <TextLine ID="eSc_line_aa1da72a"
                    TAGREFS="LT8"
                    BASELINE="127 297 1037 297" 
                    HPOS="127"
                    VPOS="254"
                    WIDTH="910"
                    HEIGHT="60">
            <Shape><Polygon POINTS="127 297 127 307 223 314 224 314 280 309 282 309 284 309 355 314 356 314 357 314 372 309 378 308 427 310 525 314 526 314 560 311 592 308 1036 314 1037 297 1037 262 233 254 232 254 231 254 230 254 217 262 177 262 165 254 164 254 163 254 127 254 127 297"/></Shape>
            <String CONTENT="a veu pratiquer à Prince Chreſtien, meſmemẽt au"
                    HPOS="127"
                    VPOS="254"
                    WIDTH="910"
                    HEIGHT="60"
                    WC="0.9874650373750803"></String>
          </TextLine>
          <TextLine ID="eSc_line_670d486d"
                    TAGREFS="LT8"
                    BASELINE="136 347 1029 344" 
                    HPOS="134"
                    VPOS="302"
                    WIDTH="894"
                    HEIGHT="62">
            <Shape><Polygon POINTS="135 346 137 364 160 356 1025 359 1028 343 1025 306 134 302 135 346"/></Shape>
            <String CONTENT="premier fils de l&#x27;Egliſe vne alliance auec l&#x27;ennemy"
                    HPOS="134"
                    VPOS="302"
                    WIDTH="894"
                    HEIGHT="62"
                    ></String>
          </TextLine>
          <TextLine ID="eSc_line_c91252ea"
                    TAGREFS="LT8"
                    BASELINE="134 397 1033 392" 
                    HPOS="131"
                    VPOS="345"
                    WIDTH="901"
                    HEIGHT="69">
            <Shape><Polygon POINTS="832 345 780 355 650 355 638 346 547 355 539 348 475 348 444 355 399 348 383 355 277 349 267 356 259 349 153 349 131 356 132 405 303 414 358 405 523 413 542 405 807 411 919 402 1003 410 1032 401 1028 349 861 352 832 345"/></Shape>
            <String CONTENT="de Dieu &amp; de tous bons Catholiques, &amp; meſme¬"
                    HPOS="131"
                    VPOS="345"
                    WIDTH="901"
                    HEIGHT="69"
                    WC="0.9807563803412698"></String>
          </TextLine>
          <TextLine ID="eSc_line_602fbc3a"
                    TAGREFS="LT8"
                    BASELINE="133 447 1032 441" 
                    HPOS="131"
                    VPOS="392"
                    WIDTH="900"
                    HEIGHT="69">
            <Shape><Polygon POINTS="683 393 681 393 680 393 678 393 677 393 675 393 646 402 615 395 613 395 612 395 610 395 575 402 401 396 382 396 380 396 373 396 298 405 131 399 132 446 132 461 1029 455 1031 439 1026 392 835 402 705 402 686 393 683 393"/></Shape>
            <String CONTENT="mẽt auec celle qui detenoit priſonniere ſa ſeur, où"
                    HPOS="131"
                    VPOS="392"
                    WIDTH="900"
                    HEIGHT="69"
                    WC="0.9931284357916634"></String>
          </TextLine>
          <TextLine ID="eSc_line_7338b908"
                    TAGREFS="LT8"
                    BASELINE="133 497 1029 490" 
                    HPOS="131"
                    VPOS="443"
                    WIDTH="897"
                    HEIGHT="70">
            <Shape><Polygon POINTS="132 495 132 507 252 505 265 508 289 513 290 513 292 513 305 508 312 505 346 508 388 511 389 511 423 508 466 504 503 508 531 511 532 511 534 511 541 508 550 504 562 508 570 511 572 511 573 511 575 511 576 511 579 508 590 502 680 508 708 510 709 510 711 510 712 510 714 508 722 501 833 501 849 508 851 508 852 508 854 508 855 508 868 501 1025 508 1028 489 1023 443 131 448 132 495"/></Shape>
            <String CONTENT="en eſt la pratique? Qui en a le premier vſé? Le Roy"
                    HPOS="131"
                    VPOS="443"
                    WIDTH="897"
                    HEIGHT="70"
                    WC="0.9929195837332652"></String>
          </TextLine>
          <TextLine ID="eSc_line_97e938b5"
                    TAGREFS="LT8"
                    BASELINE="131 543 1027 539" 
                    HPOS="128"
                    VPOS="492"
                    WIDTH="898"
                    HEIGHT="74">
            <Shape><Polygon POINTS="129 542 129 559 166 554 221 564 228 557 240 566 298 566 314 554 357 561 587 553 609 561 653 553 718 563 731 551 799 553 807 561 814 561 832 551 898 551 919 563 1003 563 1026 551 1023 502 936 502 920 492 830 501 821 501 804 492 749 500 739 492 731 492 722 502 674 502 643 494 489 502 424 494 386 504 326 495 287 504 227 495 128 497 129 542"/></Shape>
            <String CONTENT="d’Eſpagne Prince tres-catholique luy a-il appris"
                    HPOS="128"
                    VPOS="492"
                    WIDTH="898"
                    HEIGHT="74"
                    WC="0.9819821355243524"></String>
          </TextLine>
          <TextLine ID="eSc_line_13dd75ce"
                    TAGREFS="LT8"
                    BASELINE="130 593 1030 588" 
                    HPOS="128"
                    VPOS="542"
                    WIDTH="901"
                    HEIGHT="70">
            <Shape><Polygon POINTS="129 592 131 610 149 603 355 612 380 603 399 610 410 610 432 601 534 607 641 600 784 609 814 598 1026 607 1029 587 1026 553 901 553 891 544 883 544 876 553 814 553 777 542 714 553 671 542 562 551 554 544 504 551 362 544 300 547 290 556 128 548 129 592"/></Shape>
            <String CONTENT="ceſte leçon, qu’an contraire il luy faict vne guerre"
                    HPOS="128"
                    VPOS="542"
                    WIDTH="901"
                    HEIGHT="70"
                    WC="0.9905941992435815"></String>
          </TextLine>
          <TextLine ID="eSc_line_d8071d3f"
                    TAGREFS="LT8"
                    BASELINE="120 642 1028 635" 
                    HPOS="119"
                    VPOS="597"
                    WIDTH="909"
                    HEIGHT="61">
            <Shape><Polygon POINTS="120 642 120 653 192 657 193 657 194 657 195 657 201 653 202 652 209 653 246 658 247 658 248 658 249 658 257 652 260 651 332 651 334 652 343 657 344 657 345 657 346 657 371 651 378 650 385 651 406 656 407 656 538 650 562 649 564 650 575 655 576 655 577 655 637 649 640 649 641 649 653 654 654 654 655 655 751 655 751 654 752 654 773 649 774 649 775 649 814 653 815 653 816 653 817 653 826 648 827 648 833 648 896 653 897 653 1027 646 1028 635 1025 604 966 604 963 604 935 597 934 597 933 597 917 604 916 605 845 605 840 604 809 597 808 597 807 597 784 604 733 601 732 601 731 601 716 605 711 606 707 605 687 597 686 597 638 597 637 597 606 598 605 598 604 598 593 605 590 607 579 606 531 598 530 598 474 599 473 599 450 606 443 609 406 609 401 606 386 600 385 600 384 600 350 607 336 609 320 607 278 600 277 600 276 600 263 605 142 601 141 601 140 601 119 607 120 642"/></Shape>
            <String CONTENT="s’eſuertuant d’inueſtir ſon Royaume pour y plan¬"
                    HPOS="119"
                    VPOS="597"
                    WIDTH="909"
                    HEIGHT="61"
                    WC="0.9979378593464693"></String>
          </TextLine>
          <TextLine ID="eSc_line_3ba3d4d7"
                    TAGREFS="LT8"
                    BASELINE="120 691 1029 685" 
                    HPOS="119"
                    VPOS="643"
                    WIDTH="910"
                    HEIGHT="65">
            <Shape><Polygon POINTS="120 691 120 700 157 707 158 707 159 707 183 701 195 708 196 708 197 708 235 703 249 708 250 708 251 708 356 707 357 707 358 707 368 700 369 699 432 699 452 700 512 706 513 706 554 700 574 698 607 698 612 700 621 705 622 705 623 706 682 706 682 705 703 700 715 698 737 700 767 704 768 704 769 704 780 700 791 697 834 697 845 700 856 704 857 704 858 704 859 704 865 700 871 697 887 700 900 703 901 704 962 704 962 703 963 703 968 700 976 697 983 700 987 703 988 703 989 703 1029 700 1029 685 1027 650 895 650 894 649 887 645 886 645 885 645 884 645 883 645 865 649 861 650 859 649 845 644 844 644 843 644 842 644 841 644 833 649 830 651 796 651 793 649 780 643 779 643 778 643 712 649 682 651 646 649 592 645 591 645 537 649 504 650 497 649 487 645 486 645 485 645 484 645 483 645 477 649 470 652 456 649 444 645 443 645 442 645 441 645 427 649 416 650 337 648 272 646 271 646 270 646 269 646 266 648 257 652 119 648 120 691"/></Shape>
            <String CONTENT="ter les trophees des Chreſtiens, &amp; y eſtablir la re¬"
                    HPOS="119"
                    VPOS="643"
                    WIDTH="910"
                    HEIGHT="65"
                    WC="0.9814394059089514"></String>
          </TextLine>
          <TextLine ID="eSc_line_b4454ea1"
                    TAGREFS="LT8"
                    BASELINE="120 741 1027 733" 
                    HPOS="119"
                    VPOS="694"
                    WIDTH="908"
                    HEIGHT="64">
            <Shape><Polygon POINTS="120 741 120 756 149 751 163 756 167 757 168 757 169 758 225 758 225 757 226 757 231 755 239 751 296 754 340 756 341 756 342 756 351 753 364 749 381 753 394 755 395 755 410 752 428 749 470 751 514 754 515 754 516 754 528 751 539 748 582 750 652 753 653 753 654 753 655 753 661 749 664 746 816 745 825 746 851 751 852 751 853 751 869 746 873 745 883 746 934 750 935 750 936 750 950 745 952 744 954 744 971 749 972 749 973 749 1026 743 1027 733 1025 702 965 702 965 701 946 694 945 694 944 694 913 701 908 702 900 701 856 696 855 696 854 696 839 700 826 694 825 694 824 694 792 701 787 702 781 701 754 697 753 697 752 697 737 701 729 703 725 701 716 697 715 697 714 697 664 701 626 704 620 701 608 694 607 694 573 694 572 694 536 696 535 696 534 696 526 701 519 705 493 701 475 698 474 698 473 698 462 701 443 706 426 701 408 696 407 696 406 696 319 697 318 697 317 697 312 701 303 707 263 701 239 697 238 697 237 697 227 701 209 707 194 701 188 698 187 698 186 698 119 700 120 741"/></Shape>
            <String CONTENT="ligion Catholique, apoſtolique &amp; Romaine. Pen¬"
                    HPOS="119"
                    VPOS="694"
                    WIDTH="908"
                    HEIGHT="64"
                    WC="0.9916478926720826"></String>
          </TextLine>
          <TextLine ID="eSc_line_9dcebf0f"
                    TAGREFS="LT8"
                    BASELINE="119 789 1028 781" 
                    HPOS="118"
                    VPOS="743"
                    WIDTH="910"
                    HEIGHT="64">
            <Shape><Polygon POINTS="119 789 119 798 208 807 209 807 210 807 232 798 281 804 282 804 283 804 306 798 336 802 337 802 410 797 429 805 430 805 430 805 471 796 484 804 485 804 486 804 487 804 488 804 502 798 570 804 571 804 572 804 597 795 598 795 600 795 684 803 685 803 686 803 716 795 739 802 740 802 741 803 800 803 800 802 800 802 826 793 827 793 867 793 868 793 912 801 913 801 1027 791 1028 781 1025 750 978 750 977 750 965 744 964 744 963 744 962 744 950 750 948 750 944 750 922 746 921 746 894 750 883 751 878 750 859 743 858 743 857 743 856 743 841 750 838 752 797 752 775 750 749 747 748 747 747 747 746 747 742 750 738 753 682 753 677 750 669 745 668 745 667 745 645 750 631 753 623 750 613 745 612 745 611 745 532 746 531 746 515 750 499 755 475 755 468 750 463 747 462 747 461 747 460 747 429 750 382 755 371 750 364 747 363 747 362 747 341 750 307 756 289 750 285 749 284 749 283 749 266 750 229 754 200 750 187 749 186 749 185 749 183 750 172 756 157 750 152 749 151 749 150 749 118 750 119 789"/></Shape>
            <String CONTENT="ſerez vous celuy la zelé à la religion qui n’a pas re¬"
                    HPOS="118"
                    VPOS="743"
                    WIDTH="910"
                    HEIGHT="64"
                    WC="0.9678250636373248"></String>
          </TextLine>
          <TextLine ID="eSc_line_c5d6df08"
                    TAGREFS="LT8"
                    BASELINE="120 837 1027 831" 
                    HPOS="119"
                    VPOS="789"
                    WIDTH="908"
                    HEIGHT="65">
            <Shape><Polygon POINTS="120 837 120 854 183 847 213 853 214 853 320 846 346 851 347 851 376 846 398 852 399 852 400 852 550 851 551 851 573 844 602 850 603 850 659 844 687 850 689 850 690 850 692 850 722 844 782 849 783 849 784 849 785 849 802 843 841 849 844 849 845 849 846 849 847 849 856 842 895 842 1025 847 1027 831 1025 789 937 789 936 789 935 789 933 790 913 798 883 791 875 789 874 789 843 791 838 792 837 792 836 792 825 800 738 800 714 793 706 791 705 791 704 791 703 791 695 793 672 800 661 794 657 792 656 792 619 791 618 791 590 795 544 801 498 796 460 792 459 792 437 797 415 802 366 798 306 793 305 793 280 798 255 794 254 794 253 794 241 800 234 803 210 800 176 796 175 796 119 801 120 837"/></Shape>
            <String CONTENT="tiré la hache tranchante de la Royne d’Eſcoſſe ſa"
                    HPOS="119"
                    VPOS="789"
                    WIDTH="908"
                    HEIGHT="65"
                    ></String>
          </TextLine>
          <TextLine ID="eSc_line_f64a4f76"
                    TAGREFS="LT8"
                    BASELINE="120 888 1025 881" 
                    HPOS="119"
                    VPOS="841"
                    WIDTH="906"
                    HEIGHT="62">
            <Shape><Polygon POINTS="120 888 120 899 225 903 226 903 227 903 238 898 244 896 276 898 344 902 345 902 391 896 406 895 412 896 428 901 429 901 430 901 451 896 460 894 505 895 620 899 621 899 622 899 633 894 635 893 658 894 768 898 769 898 794 892 800 891 818 892 909 897 910 897 911 897 927 891 928 890 930 891 939 895 940 895 941 895 1024 889 1025 881 1022 841 119 848 120 888"/></Shape>
            <String CONTENT="ſœur, Princeſſe de bonne memoire, veu que celle"
                    HPOS="119"
                    VPOS="841"
                    WIDTH="906"
                    HEIGHT="62"
                    WC="0.9863642111737677"></String>
          </TextLine>
          <TextLine ID="eSc_line_700a84d1"
                    TAGREFS="LT8"
                    BASELINE="121 936 1027 928" 
                    HPOS="120"
                    VPOS="886"
                    WIDTH="907"
                    HEIGHT="68">
            <Shape><Polygon POINTS="121 936 121 954 189 946 228 953 232 953 233 953 277 952 278 952 279 952 298 945 359 949 360 949 389 944 398 950 399 951 400 951 401 951 402 952 430 952 430 951 431 951 438 949 460 944 479 949 484 950 485 950 486 951 549 951 549 950 568 947 593 944 606 946 612 948 613 948 614 948 615 948 615 948 617 946 625 942 705 942 716 945 725 948 726 948 727 948 753 944 773 942 782 944 796 948 797 948 798 948 799 948 816 944 828 941 843 944 868 947 869 947 1026 940 1027 928 1024 893 954 893 953 893 923 886 922 886 921 886 906 894 905 895 853 895 852 894 800 887 799 887 738 895 651 891 650 891 649 891 648 891 640 896 606 892 605 892 569 897 556 891 555 891 488 890 487 890 436 898 381 891 380 891 264 899 228 895 227 895 226 895 215 900 192 893 191 893 190 893 147 899 133 893 132 893 131 893 130 893 129 893 120 899 121 936"/></Shape>
            <String CONTENT="qui l’appoſoit eſtoit ſa bõne alliee, &amp; ſa bõne ſœur?"
                    HPOS="120"
                    VPOS="886"
                    WIDTH="907"
                    HEIGHT="68"
                    ></String>
          </TextLine>
          <TextLine ID="eSc_line_41ec8c99"
                    TAGREFS="LT8"
                    BASELINE="119 986 1027 978" 
                    HPOS="118"
                    VPOS="936"
                    WIDTH="909"
                    HEIGHT="64">
            <Shape><Polygon POINTS="119 986 119 994 135 1000 136 1000 137 1000 138 1000 139 1000 148 994 149 994 165 994 294 1000 295 1000 413 994 477 991 484 994 492 998 492 998 493 999 545 999 545 998 546 998 547 998 553 994 556 991 562 994 570 997 571 997 572 997 573 997 584 994 598 990 617 994 634 997 635 997 651 994 668 990 676 994 682 997 683 997 684 997 685 997 695 994 707 990 731 994 745 996 746 996 757 994 779 989 852 994 878 995 879 995 880 995 883 994 896 988 925 994 929 994 930 994 931 994 933 994 953 987 974 994 976 994 977 994 978 994 1026 993 1027 978 1024 936 955 943 918 937 911 936 910 936 909 936 908 936 907 937 896 944 817 938 804 937 803 937 802 937 800 938 778 945 749 939 746 938 745 938 744 938 735 939 667 946 646 941 645 941 644 941 592 945 572 941 571 941 570 941 530 947 518 941 517 940 516 940 515 940 514 940 503 941 455 948 408 942 395 941 363 941 362 941 361 941 355 943 333 949 307 943 300 942 299 942 283 944 228 950 204 944 197 943 196 943 169 943 168 943 167 943 162 944 148 950 118 945 119 986"/></Shape>
            <String CONTENT="&amp; eſtimerez vous celuy la croire en Ieſus-Chriſt"
                    HPOS="118"
                    VPOS="936"
                    WIDTH="909"
                    HEIGHT="64"
                    WC="0.9961097128689289"></String>
          </TextLine>
          <TextLine ID="eSc_line_09898928"
                    TAGREFS="LT8"
                    BASELINE="119 1034 1027 1027" 
                    HPOS="118"
                    VPOS="987"
                    WIDTH="909"
                    HEIGHT="62">
            <Shape><Polygon POINTS="119 1034 119 1043 143 1049 144 1049 322 1043 379 1042 511 1043 651 1045 652 1045 667 1043 695 1040 827 1043 894 1045 895 1045 906 1043 936 1038 953 1043 955 1044 956 1044 957 1044 1027 1043 1027 1027 1025 993 929 988 928 988 864 993 822 987 821 987 820 987 799 993 772 987 771 987 770 987 753 994 730 989 729 989 728 989 707 994 698 988 697 988 696 988 641 988 640 988 639 988 638 988 628 996 495 996 460 990 459 990 458 990 457 990 448 997 374 997 347 991 346 991 291 996 248 991 247 991 129 992 128 992 127 992 118 998 119 1034"/></Shape>
            <String CONTENT="qui entretient à voſtre veue tant d’atheiſtes, &amp; qui"
                    HPOS="118"
                    VPOS="987"
                    WIDTH="909"
                    HEIGHT="62"
                    WC="0.9924880198712619"></String>
          </TextLine>
          <TextLine ID="eSc_line_5d41f1d0"
                    TAGREFS="LT8"
                    BASELINE="117 1086 1026 1073" 
                    HPOS="116"
                    VPOS="1035"
                    WIDTH="910"
                    HEIGHT="68">
            <Shape><Polygon POINTS="117 1086 117 1103 467 1090 570 1090 580 1093 590 1096 591 1096 592 1096 657 1091 675 1090 689 1090 763 1093 764 1093 765 1093 766 1093 774 1088 776 1087 785 1088 813 1092 814 1092 925 1086 990 1090 991 1090 1026 1082 1026 1073 1024 1040 954 1036 953 1036 952 1036 951 1036 945 1040 943 1042 845 1042 843 1041 833 1037 832 1037 831 1037 830 1037 817 1041 811 1044 697 1044 689 1043 661 1036 605 1035 604 1035 563 1044 552 1047 516 1047 512 1044 495 1037 494 1037 493 1037 448 1045 435 1047 426 1045 394 1038 393 1038 272 1040 271 1040 248 1047 244 1048 237 1047 203 1041 202 1041 123 1042 122 1042 121 1042 116 1045 117 1086"/></Shape>
            <String CONTENT="ſe gouuerne, foit en ſi cõfeſſion ou en autres cho¬"
                    HPOS="116"
                    VPOS="1035"
                    WIDTH="910"
                    HEIGHT="68"
                    WC="0.9893558609944123"></String>
          </TextLine>
          <TextLine ID="eSc_line_14e0f9a5"
                    TAGREFS="LT8"
                    BASELINE="115 1135 1026 1123" 
                    HPOS="114"
                    VPOS="1084"
                    WIDTH="912"
                    HEIGHT="68">
            <Shape><Polygon POINTS="115 1135 116 1152 148 1144 185 1151 188 1151 189 1151 190 1151 192 1151 220 1142 269 1142 280 1147 281 1147 282 1147 347 1141 356 1147 357 1147 358 1147 359 1147 360 1147 370 1143 400 1146 417 1148 418 1148 419 1148 424 1146 434 1140 505 1144 544 1146 545 1146 546 1146 554 1143 569 1138 582 1142 587 1144 588 1144 589 1144 615 1142 666 1137 690 1140 720 1144 721 1144 722 1144 731 1139 734 1138 748 1139 797 1143 798 1143 872 1136 901 1134 909 1136 929 1140 930 1140 931 1140 948 1135 955 1133 969 1134 1013 1139 1014 1139 1015 1139 1026 1133 1026 1123 1023 1090 928 1091 924 1091 905 1086 904 1086 857 1091 848 1092 844 1092 823 1087 822 1087 780 1092 771 1093 768 1092 740 1084 739 1084 738 1084 615 1086 615 1086 614 1086 606 1091 531 1087 530 1087 499 1093 473 1088 472 1088 424 1096 412 1098 406 1096 385 1089 384 1089 383 1089 329 1097 322 1098 321 1097 312 1091 311 1091 310 1091 233 1091 232 1091 231 1091 215 1099 211 1101 186 1102 157 1102 152 1099 134 1092 133 1092 132 1092 131 1092 114 1098 115 1135"/></Shape>
            <String CONTENT="fes, ſelon les preſcriptions &amp; preceptes de ces"
                    HPOS="114"
                    VPOS="1084"
                    WIDTH="912"
                    HEIGHT="68"
                    WC="0.9995848866219216"></String>
          </TextLine>
          <TextLine ID="eSc_line_4a3540cf"
                    TAGREFS="LT8"
                    BASELINE="114 1183 1027 1172" 
                    HPOS="113"
                    VPOS="1132"
                    WIDTH="914"
                    HEIGHT="64">
            <Shape><Polygon POINTS="114 1183 114 1196 1026 1184 1027 1172 1025 1140 983 1132 982 1132 981 1132 951 1140 946 1142 898 1142 896 1141 888 1135 887 1135 886 1135 885 1135 884 1135 873 1141 870 1142 854 1141 797 1136 796 1136 795 1136 794 1136 787 1141 786 1142 785 1141 768 1135 767 1135 766 1135 765 1135 752 1142 748 1144 719 1144 710 1142 689 1136 688 1136 687 1136 650 1142 644 1143 634 1143 569 1137 568 1137 567 1137 551 1143 542 1146 508 1144 462 1140 461 1140 431 1144 404 1148 397 1144 391 1141 390 1141 360 1140 359 1140 358 1140 348 1145 338 1149 314 1145 290 1141 289 1141 219 1142 218 1142 217 1142 212 1146 204 1151 181 1151 164 1146 154 1143 153 1143 152 1143 113 1146 114 1183"/></Shape>
            <String CONTENT="ſcientifiques docteurs, &amp; examinateurs de con¬"
                    HPOS="113"
                    VPOS="1132"
                    WIDTH="914"
                    HEIGHT="64"
                    WC="0.9902098438014155"></String>
          </TextLine>
          <TextLine ID="eSc_line_7b2af325"
                    TAGREFS="LT8"
                    BASELINE="114 1233 720 1223 1024 1224" 
                    HPOS="113"
                    VPOS="1180"
                    WIDTH="911"
                    HEIGHT="68">
            <Shape><Polygon POINTS="114 1233 115 1248 136 1241 155 1247 156 1247 157 1247 158 1247 174 1241 215 1246 216 1246 287 1239 350 1245 352 1245 353 1245 354 1245 389 1239 487 1243 488 1243 518 1237 539 1242 540 1242 541 1242 601 1235 732 1235 751 1239 752 1239 753 1239 811 1234 829 1239 830 1239 831 1239 832 1239 842 1239 966 1232 1022 1237 1024 1224 1022 1185 893 1188 889 1187 882 1182 881 1182 880 1182 879 1182 816 1188 799 1189 790 1188 733 1180 732 1180 648 1181 647 1181 625 1187 554 1182 553 1182 552 1182 532 1192 531 1193 494 1193 493 1193 474 1183 473 1183 432 1183 431 1183 352 1193 304 1185 303 1185 302 1185 301 1185 286 1195 246 1189 246 1189 190 1197 145 1187 144 1187 143 1187 113 1198 114 1233"/></Shape>
            <String CONTENT="ſcience : bref celuy aura il ceſte belle reputation"
                    HPOS="113"
                    VPOS="1180"
                    WIDTH="911"
                    HEIGHT="68"
                    ></String>
          </TextLine>
          <TextLine ID="eSc_line_922da691"
                    TAGREFS="LT8"
                    BASELINE="113 1282 748 1272 1028 1272" 
                    HPOS="112"
                    VPOS="1229"
                    WIDTH="916"
                    HEIGHT="68">
            <Shape><Polygon POINTS="113 1282 113 1293 170 1297 171 1297 188 1293 201 1290 260 1290 288 1292 332 1295 333 1295 356 1291 369 1289 385 1291 413 1294 414 1294 415 1294 429 1290 443 1287 486 1290 519 1292 520 1292 539 1289 567 1285 635 1288 656 1289 657 1289 658 1289 659 1289 660 1288 666 1284 680 1288 689 1290 690 1290 691 1290 692 1290 701 1288 719 1283 767 1287 794 1289 795 1289 809 1287 836 1282 858 1286 868 1288 869 1288 882 1286 910 1281 934 1285 944 1287 945 1287 1028 1284 1028 1272 1025 1229 995 1238 923 1235 922 1235 866 1240 834 1240 818 1233 810 1230 809 1230 808 1230 807 1230 806 1230 801 1234 790 1241 727 1241 714 1236 705 1232 704 1232 703 1232 574 1233 573 1233 558 1239 556 1239 552 1239 517 1234 516 1234 480 1240 474 1241 469 1240 429 1235 428 1235 427 1235 404 1242 403 1242 402 1242 376 1236 375 1236 374 1236 309 1241 269 1237 268 1237 267 1237 242 1246 237 1247 224 1246 144 1239 143 1239 142 1239 112 1247 113 1282"/></Shape>
            <String CONTENT="d’eſtre Catholique à la franche marguerite qui"
                    HPOS="112"
                    VPOS="1229"
                    WIDTH="916"
                    HEIGHT="68"
                    WC="0.9892011513101294"></String>
          </TextLine>
          <TextLine ID="eSc_line_a3eaca38"
                    TAGREFS="LT8"
                    BASELINE="113 1332 731 1321 1027 1321" 
                    HPOS="112"
                    VPOS="1278"
                    WIDTH="915"
                    HEIGHT="70">
            <Shape><Polygon POINTS="113 1332 114 1348 139 1341 151 1347 152 1347 153 1347 201 1346 202 1346 215 1339 282 1345 283 1345 284 1345 285 1345 306 1338 315 1343 316 1343 317 1343 388 1336 448 1343 456 1343 457 1343 475 1342 596 1333 1026 1333 1027 1321 1026 1284 923 1280 923 1280 870 1285 855 1278 854 1278 823 1278 822 1278 821 1278 805 1286 782 1282 781 1282 780 1282 765 1287 753 1279 752 1279 751 1279 750 1279 711 1284 675 1280 674 1280 563 1290 529 1282 528 1282 527 1282 514 1289 480 1283 479 1283 478 1283 442 1292 374 1287 373 1287 372 1287 357 1292 337 1285 336 1285 335 1285 295 1294 181 1287 180 1287 112 1297 113 1332"/></Shape>
            <String CONTENT="a laſchement rougy ſes mains du ſang de ce"
                    HPOS="112"
                    VPOS="1278"
                    WIDTH="915"
                    HEIGHT="70"
                    ></String>
          </TextLine>
          <TextLine ID="eSc_line_7e8c3633"
                    TAGREFS="LT8"
                    BASELINE="114 1380 1028 1368" 
                    HPOS="113"
                    VPOS="1325"
                    WIDTH="915"
                    HEIGHT="73">
            <Shape><Polygon POINTS="114 1380 114 1398 193 1391 228 1395 229 1395 277 1386 310 1394 315 1395 316 1395 317 1395 322 1394 341 1389 377 1393 393 1394 394 1394 404 1392 438 1384 520 1384 531 1389 537 1392 538 1392 539 1393 570 1393 570 1392 571 1392 578 1388 591 1381 681 1381 712 1385 732 1388 733 1388 734 1388 742 1385 754 1380 789 1384 796 1384 797 1384 801 1383 823 1379 839 1383 859 1387 860 1387 887 1382 914 1387 915 1387 916 1387 917 1387 926 1381 927 1381 988 1386 989 1386 1028 1378 1028 1368 1025 1330 965 1333 957 1331 941 1325 940 1325 939 1325 938 1325 920 1331 914 1334 862 1335 845 1333 799 1326 798 1326 775 1327 774 1327 773 1327 763 1334 759 1337 728 1337 722 1335 693 1328 692 1328 691 1328 670 1334 647 1328 646 1328 645 1328 549 1336 512 1330 511 1330 510 1330 493 1339 491 1341 461 1341 459 1340 438 1332 437 1332 436 1332 435 1332 418 1340 416 1341 415 1340 393 1332 392 1332 365 1332 364 1332 306 1342 305 1342 234 1334 233 1334 187 1344 134 1335 133 1335 132 1335 113 1344 114 1380"/></Shape>
            <String CONTENT="grand Cheualier de l’Egliſe? Ce Prince, qui"
                    HPOS="113"
                    VPOS="1325"
                    WIDTH="915"
                    HEIGHT="73"
                    WC="0.9883803170780803"></String>
          </TextLine>
          <TextLine ID="eSc_line_da27dacb"
                    TAGREFS="LT8"
                    BASELINE="111 1428 1026 1418" 
                    HPOS="110"
                    VPOS="1376"
                    WIDTH="916"
                    HEIGHT="66">
            <Shape><Polygon POINTS="111 1428 111 1442 445 1442 445 1441 446 1441 464 1435 478 1431 530 1434 616 1439 617 1439 618 1439 635 1432 640 1430 674 1431 714 1433 715 1433 743 1430 764 1428 767 1430 774 1433 775 1433 776 1433 823 1429 844 1427 877 1427 880 1428 900 1435 901 1435 902 1435 943 1426 947 1426 951 1426 1007 1435 1008 1435 1009 1435 1010 1435 1026 1425 1026 1418 1023 1384 964 1384 963 1384 951 1376 950 1376 949 1376 948 1376 947 1376 946 1376 932 1384 930 1386 876 1386 875 1385 857 1377 856 1377 855 1377 817 1384 750 1378 749 1378 748 1378 726 1385 580 1380 579 1380 578 1380 577 1380 566 1389 564 1389 558 1389 519 1384 518 1384 517 1384 502 1389 501 1389 477 1381 476 1381 475 1381 435 1390 433 1390 430 1390 389 1386 388 1386 387 1386 378 1391 377 1391 373 1391 331 1383 330 1383 329 1383 314 1389 195 1385 194 1385 110 1393 111 1428"/></Shape>
            <String CONTENT="eſt auiourd’huy tant regreté de la France &amp;"
                    HPOS="110"
                    VPOS="1376"
                    WIDTH="916"
                    HEIGHT="66"
                    WC="0.9996719550002705"></String>
          </TextLine>
          <TextLine ID="eSc_line_dad450ae"
                    TAGREFS="LT8"
                    BASELINE="112 1475 1027 1465" 
                    HPOS="111"
                    VPOS="1425"
                    WIDTH="916"
                    HEIGHT="68">
            <Shape><Polygon POINTS="112 1475 112 1493 194 1493 194 1492 195 1492 199 1491 209 1487 225 1490 232 1491 233 1491 234 1491 237 1490 245 1486 262 1489 272 1491 273 1491 299 1489 361 1482 373 1487 378 1489 379 1489 380 1489 402 1486 443 1481 457 1485 465 1488 466 1488 467 1488 591 1487 592 1487 606 1482 615 1479 648 1481 674 1483 675 1483 719 1480 746 1478 752 1479 766 1483 767 1483 768 1483 769 1483 770 1483 776 1479 779 1476 860 1476 862 1477 878 1483 879 1483 880 1483 881 1483 896 1476 897 1476 899 1476 933 1483 934 1483 935 1483 936 1483 946 1477 992 1482 993 1482 994 1482 1027 1474 1027 1465 1025 1432 874 1425 873 1425 742 1432 692 1435 682 1433 665 1428 664 1428 623 1428 622 1428 621 1428 612 1433 605 1437 516 1437 508 1433 502 1430 501 1430 500 1430 432 1433 328 1439 275 1434 261 1433 260 1433 259 1433 256 1434 242 1440 111 1435 112 1475"/></Shape>
            <String CONTENT="de tous Chreſtiens eſpars par les cantons du mon¬"
                    HPOS="111"
                    VPOS="1425"
                    WIDTH="916"
                    HEIGHT="68"
                    WC="0.995523603595033"></String>
          </TextLine>
          <TextLine ID="eSc_line_a6386b63"
                    TAGREFS="LT8"
                    BASELINE="112 1525 1025 1514" 
                    HPOS="111"
                    VPOS="1474"
                    WIDTH="914"
                    HEIGHT="67">
            <Shape><Polygon POINTS="112 1525 113 1541 127 1534 185 1540 192 1540 193 1540 199 1539 238 1534 268 1538 276 1539 277 1539 286 1538 313 1534 340 1537 352 1538 353 1538 354 1538 355 1538 357 1536 365 1532 440 1535 454 1535 455 1535 456 1535 457 1535 457 1534 466 1530 553 1530 559 1533 564 1535 565 1535 566 1536 609 1536 609 1535 610 1535 622 1532 631 1530 649 1532 679 1534 680 1534 681 1534 682 1534 688 1531 693 1528 708 1531 728 1534 729 1534 757 1530 775 1527 787 1529 803 1532 804 1532 913 1527 915 1527 939 1532 940 1532 1024 1524 1025 1514 1022 1480 969 1482 961 1480 928 1474 927 1474 836 1475 835 1475 834 1475 826 1479 807 1475 806 1475 805 1475 804 1475 786 1480 697 1475 696 1475 695 1475 678 1483 618 1480 617 1480 616 1480 615 1480 608 1486 606 1487 591 1486 518 1481 517 1481 516 1481 515 1481 505 1487 504 1488 498 1488 471 1484 470 1484 445 1488 440 1489 436 1489 402 1481 401 1481 400 1481 381 1486 372 1482 371 1482 370 1482 369 1482 369 1482 357 1490 354 1490 290 1480 289 1480 241 1489 208 1481 207 1481 206 1481 174 1487 158 1482 157 1482 156 1482 111 1493 112 1525"/></Shape>
            <String CONTENT="de, qui de ſon mouuement prõpre, &amp; auſſi à la per¬"
                    HPOS="111"
                    VPOS="1474"
                    WIDTH="914"
                    HEIGHT="67"
                    ></String>
          </TextLine>
          <TextLine ID="eSc_line_5d63eae3"
                    TAGREFS="LT8"
                    BASELINE="113 1572 1019 1563" 
                    HPOS="112"
                    VPOS="1522"
                    WIDTH="917"
                    HEIGHT="66">
            <Shape><Polygon POINTS="113 1585 188 1588 189 1588 223 1584 243 1582 249 1584 259 1587 260 1587 261 1587 332 1583 398 1579 429 1582 475 1586 476 1586 477 1586 490 1581 498 1578 582 1580 677 1582 678 1582 686 1579 692 1576 712 1578 751 1583 752 1583 753 1583 770 1578 804 1581 805 1581 806 1581 814 1577 819 1575 828 1577 846 1581 847 1581 913 1576 917 1576 929 1581 930 1581 931 1581 932 1581 949 1575 955 1574 960 1575 975 1580 976 1580 977 1580 1029 1574 1029 1562 1026 1522 936 1529 926 1523 925 1523 924 1523 923 1523 920 1524 896 1529 814 1526 772 1524 771 1524 770 1524 763 1526 751 1531 739 1527 738 1527 718 1527 595 1532 584 1530 570 1527 569 1527 568 1527 560 1530 554 1533 540 1531 517 1527 516 1527 491 1532 478 1534 468 1532 450 1528 449 1528 175 1536 129 1531 128 1531 127 1531 112 1536 113 1572"/></Shape>
            <String CONTENT="ſuaſion de noſtre ſainct Pere Gregoire 13. d’heu¬"
                    HPOS="112"
                    VPOS="1522"
                    WIDTH="917"
                    HEIGHT="66"
                    WC="0.9905120596593741"></String>
          </TextLine>
          <TextLine ID="eSc_line_43666dac"
                    TAGREFS="LT8"
                    BASELINE="114 1622 1023 1611" 
                    HPOS="114"
                    VPOS="1570"
                    WIDTH="909"
                    HEIGHT="85">
            <Shape><Polygon POINTS="115 1607 114 1622 114 1643 209 1638 226 1643 263 1655 264 1655 265 1655 389 1653 390 1653 412 1643 416 1642 421 1643 440 1649 441 1649 442 1649 443 1649 465 1643 498 1634 540 1634 569 1643 570 1643 571 1643 572 1643 590 1637 609 1643 618 1647 619 1647 620 1647 621 1647 630 1643 657 1632 692 1632 717 1632 731 1639 732 1639 733 1639 764 1632 799 1643 800 1644 801 1644 802 1644 807 1643 828 1639 851 1643 876 1648 877 1649 933 1649 933 1648 934 1648 935 1648 941 1643 951 1636 981 1632 1021 1643 1023 1611 1019 1570 1003 1576 917 1572 892 1571 891 1571 883 1572 855 1579 845 1573 844 1572 843 1572 842 1572 797 1572 796 1572 795 1572 788 1574 772 1580 698 1576 654 1574 653 1574 633 1577 613 1581 519 1580 465 1579 464 1579 440 1581 411 1584 406 1582 395 1577 394 1577 393 1577 392 1577 378 1582 373 1584 352 1583 278 1578 277 1578 241 1585 234 1586 229 1585 195 1579 194 1579 193 1579 175 1586 173 1587 171 1586 158 1581 157 1581 156 1581 155 1581 154 1581 146 1587 145 1588 119 1588 115 1607"/></Shape>
            <String CONTENT="reuſe memoire, &amp; du Roy tres-Catholique, &amp; au¬"
                    HPOS="114"
                    VPOS="1570"
                    WIDTH="909"
                    HEIGHT="85"
                    WC="0.9789239919703939"></String>
          </TextLine>
        </TextBlock>
      </PrintSpace>
    </Page>
  </Layout>
</alto>
