1108 1824
554 44 55 39 12

128 80 879 62 Cheualier de la Iartiere: l’honneur de Dieu ne t’en

125 131 884 62 a il pas ſemond, le voyant fouler aux pieds & pro¬

128 181 882 60 phaner indignement, quand la forcellerie a eſté e¬

124 232 886 61 ſtablie au lieu le plus eminent, & au plus haut ſiege

125 281 887 61 de la pauure France? Le pauure peuple ne t’en a il

123 329 888 61 inuité, quãd tu l’asveu ruiné, rez pied, rez terre, de¬

123 375 887 63 ſeiché de ſon ſang, ſi haue, à la recharge de tant, &

124 426 887 61 tant de ſortes de ſubſides, & inuentions diaboli¬

126 475 887 63 ques de ces ſangſues & partiſans de cour, & toute

125 525 886 59 la France en general & particulier ne t’en a elle pas

127 573 888 58 prié & importuné à la creation de tant & inaudits

124 619 892 62 offices? bref Dieu na il pas eſté grandemẽt offencé

129 669 888 60 pour le luxe, debordement & diſſolution, qui eſt

123 721 894 56 en chacune vacatiõ, qu’il ſemble que noſtre Frãce

125 766 893 59 (qui a eſté autrefois vn lieu où Dieu eſtoit ſeruy &

124 818 891 57 honoré auec grand pieté & deuotion) ſoit mainte¬

123 865 891 56 nant l’egout & la ſentine des immõdices du mon¬

123 912 896 62 de? O lacheté trop grãde qui nous couſte vn ſi pre¬

123 961 896 61 cieux gage! Tu ne pouuois (ame glorieuſe) qui iouis

124 1012 896 58 à ton aiſe de la preſence de ton Createur, & qui re¬

123 1058 898 61 çois le ſalaire &recõpenſe de tes merites enuers l’E¬

125 1108 898 61 gliſe. Tu nepouuois di-ie eſtre rẽuerſé, ſi ce n’eſtoit

126 1159 898 60 par vn ſi lache tour, meſme de celuy auquel iuſte¬

121 1208 902 59 ment tu pouuois oſter la vie au iour des barricades

121 1256 900 62 de Paris: attẽdu que la feſte ſe celebroit pour toy:

120 1306 903 59 & qui as eu tant d’aduertiſſemens & ſi certains des

121 1355 904 61 entreprinſes & deſſeins qui ſe braſſoient contre

119 1405 903 57 ta vie innocente, mais, comme vn prince vraye¬

119 1453 904 59 ment Chreſtien, tu ne diſois autre choſe, que i’ay

120 1499 907 62 fiance en mon Dieu, qu’il diſpoſe de moy, te ſacri¬

127 1547 898 62 fiant à luy ſi volontairement. Qui voudroit ſ'arre¬

127 1592 898 92 ſter à eſplucher la moindre parcelle des rares, &
