1120 1812
485 15 42 55 15

66 55 891 63 & de ces autels, ſe promettant merueille par ſa ca¬

65 106 891 62 naille de politiques qui ſourdement vous prati¬

65 158 894 61 quera: & par d’autres gens qui ſont à ſes gages au

62 208 895 57 cœur de voſtre ville, qui vous doiuent conuertir

58 252 899 61 à leurs humeurs, ſemant par tout des diſtractions

59 302 898 60 de voluntez, & diuiſions entre vous autres. Mais

59 349 895 61 bon Dieu, qui eſt celuy qui ſoit au moindre ſoup¬

59 399 894 58 çon de ce qui ſe doit faire? n’a tu pas cognu le Lyõ

57 447 898 62 a la patte & aux griffes, nous le cognoiſſons aſſez

60 498 891 59 pour vn fin renardeau ꝗ promet & dict beaucoup

57 546 896 58 & de tout rien. Quoy? que doutez vous en vn chois

55 593 899 61 ſi ouuert: voſtre ville eſt riche & opulẽte qui peut

54 642 898 61 faire la guerre à quatre Rois, iadis, cõme luy, ſans

52 691 899 64 incommodité & neceſſité quelconque. Quel dou¬

53 740 896 60 te y trouuez vous, la paix ſera voſtre ruyne & vo¬

52 789 898 59 ſtre mort, car quelle alliance y a-il de Baal auec

50 837 899 61 Ieſus-Chriſt? la guerre tout au contraire ſera vo¬

49 885 899 61 ſtre liberté & franchiſe, vous pouuez aſſez cognoi¬

48 933 898 61 ſtre ſon humeur d’Italien qui eſt d’eſtre vindicatif,

47 983 902 62 il a eſté aſſez voſtre hoſte, n’a il pas dit qu’il iouera

46 1034 900 62 à la courte boule de voz teſtes, & des teſtes de vos

46 1085 899 61 femmes & de voz propres enfans? Quoy? ne pen¬

45 1131 903 61 ſez vous pas qu’il n’ayt vn rolle des plus gens de

44 1180 901 61 bien de voſtre ville, & de tous vos bons zelez pre¬

44 1232 902 59 dicateurs pour couronner ſon bel œuure, & faire

40 1278 905 61 la cataſtrophe de ſa ſanglãte tragedie, precipitant

40 1326 906 62 les vns dãs vn ſac en l’eau, aux autres leurs faiſant

39 1376 908 62 faire le ſaut au bout d’vne corde? quoy en attendez

39 1426 908 59 vous moins Reprenez dõc voz eſprits & reuenez

37 1471 908 65 à vous meſmes. Il ne faut plus ſommeiller, prenez

34 1521 909 62 bon courage, le Dieu des armees eſt pour vous, le

33 1568 907 89 Dieu des vengẽces eſt tout preſt de vous tẽdre ſon
