1124 1828
498 50 51 49 13

67 100 655 56 preſque diuines vertus de ce prince,

122 150 666 54 Ante diem clauſo componet veſper Olympo,

123 187 551 67 Deuant veſper de ſa brune courtine,

117 234 547 63 Auroit voilé la terre & la marine.

63 284 906 62 Mais ô bon Dieu, ce tyrã n’a il pas paſſé outre la il

64 334 906 65 borné ſa pluſque beſtiale cruauté de la mort de ce

66 383 906 63 genereux, & tant regretté prince: mais ô execrable

65 433 906 61 entrepriſe, comme fils aiſné de ſatan non de l’egli¬

64 480 905 62 ſe de noſtre Dieu il a enſanglanté ſes mains, & aſ¬

65 530 906 65 ſouuy ſa rage du ſang le plus beau, le plus pur, & le

69 579 898 64 plus eſclatant de l’egliſe, en maſſacrant cruelle¬

67 629 900 63 ment ce grand Cardinal de Guiſe ſon pere: qui e¬

68 678 901 54 ſtoit le fondement & la baſe de ceſte tant deſolee

69 725 897 65 egliſe Gallicane: celuy di-ie qui ſiubſacre les Rois

72 778 895 58 de France, celuy qui reçoit en ſon Abaye de ſainct

69 824 898 64 Denys les corps des Roys de Frãce: brief celuy qui

69 877 898 58 repreſente en ce royaume la perſonne du Pape, vi¬

71 925 896 61 caire de Ieſus-Chriſt. Ce prince qui defiroit d’vn

70 972 894 60 bon zele la reformation de l’Egliſe tant deformee,

72 1020 896 60 & qui auoit tant ſué & trauaillé pour l’obtenir, a

70 1070 898 57 eſté maſſacré de ſang froid, à la veue des eſtatz de la

75 1120 892 59 France, & la veille de Noel, ô cruelle cruauté! C’eſt

71 1168 893 60 à vous, meſſieurs les eccleſiaſtiques, c’eſt à vous à

77 1213 882 67 qui ſ'adreſſe ce pacquet: ſi voſtre chef eſt meurtry,

76 1266 886 62 quelle aſſeurance aurez vous en voz perſonnes? y

74 1314 887 59 faict grand iour, leuez vous, l'eſpeſſeur des tene¬

75 1361 892 57 bres eſt diſſipé, le nuage eſt rompu, voſtre rolet ſe

75 1412 889 58 ioue, courez aux auirons de l’egliſe, que chacun

79 1457 885 68 ſelon ſa puiſſance ſ'eſuertue de maintenir l’Egliſe,

80 1510 881 63 roidiſſez y vous, voſtre hõneur y eſt engagé, l’hon¬

81 1556 884 62 reur de l'Egliſe: bref l'hõneur de toute la Chreſtiẽ¬

83 1607 885 80 té y court vne hazardeuſe fortune. Ne remarquez

704 1668 82 56 B iij
