1124 1828
519 52 48 44 11

75 84 905 69 liberté: brief vn lieu ſainct & inuiolable. Et quoy?

76 140 906 61 clocherés vous encor, ne vengerés vous point la

76 186 904 64 mort de ce Prince qui a ſi ſouuent mis à vau-de-

76 235 905 66 route l’Heretique noſtre commun ennemy? Qui

75 282 904 59 ſçeut ſi bien & ſi dextrement faire paroiſtre la va¬

77 332 904 63 leur de ſes ieunes ans dans ceſle villace de Poi¬

79 381 901 62 tiers. Qui dernietement accompaigné de la cele¬

79 431 902 61 ſte puiſſance fit fondre ſur ceſte grande armee de

79 478 902 64 Reiſtres que ce beau penitẽt fourré de malice fiſt

82 528 893 55 venir vn eſclat eſtincelãt de ſa foudre? Qui ta pre¬

81 576 899 61 ſerué ville de Paris, de ces beaux barbouillez, qui

83 626 893 61 eſperoiẽt rẽporter ton or & ton argẽt dedãs leurs

84 676 894 60 chariots, ſelon les belles promeſſes que l’on leur

83 724 891 65 auoit faict? Ne ſçais tu pas que ce beau Henry iadis

84 775 893 59 noſtre Roy, n’en accoſta pas vn: car ils eſtoient

88 822 889 61 venus pour ſon ſeruice, faiſant les tours & re¬

88 872 887 55 tours. Et aptes qu’ils eurent tout à leur aiſe ra¬

87 920 890 62 uagé, bruſlé & mis tout au fil de l’eſpee, ne leur

87 972 890 59 donna il pas main forte pour ſe retirer en aſſeu¬

87 1020 890 58 rance, auec defences expreſſes de n’attenter en au¬

85 1066 893 61 cune façon contre la vie de ces bons hoſtes de la

86 1115 891 64 France? Qui les a mis en pieces, Chreſtien, qui leur

86 1165 889 61 a fait rebrouſſer chemin & retrouuer leurs pre¬

85 1214 891 60 mieres erres? N'eſt-ce pas ton Dieu qui accompa¬

87 1261 892 64 gnoit ce valeureux Prince auec ſa petite poignee

86 1312 893 63 de gens: quelle proportion y auoit il des deux ar¬

86 1360 894 62 mees? Que veux tu d’auantage. Deſires tu que le

87 1406 894 64 Dieu des Chreſtiens laiſſe ſon troſne celeſte, t’aſ¬

85 1453 894 65 ſeure de ſa parolle & diſe que l’on en veult à ta re¬

87 1502 893 71 ligiõ? Il y a ia long temps, à mon grand regret, que

86 1556 894 61 tu deuſſes auoir couru aux armes, pour inquieter

87 1600 894 86 la tyrannie, la vie ſedentaire & voluptueuſe de ce

689 1666 85 69 B ij
