1074 1760
535 0 61 40 10

123 35 900 60 pieces l'ennemy de noſtre Dieu, & pour toutes re¬

121 83 905 61 compenſes des bons ſeruices a eſté laſchemẽt poi¬

122 134 902 59 gnardé? Qui penſeroit que ſous les amorces & ap¬

124 183 899 59 pas emmiellez de ce traiſtre, ſoubs des paroles

119 226 907 66 tãt fardees & deſguiſees, ſoubs vn viſage acord, &

122 276 902 68 facile, tel qu’il luy portoit: bref ſoubs vne ſi laſche

120 328 901 61 moleſſe il recelaſt en ſa poitrine vn cœur dur, ada¬

120 377 901 63 mantin, & regorgeãt de trahiſon? il fait cõuoquer

120 425 899 64 des eſtats, mais ce ſont pieges pour y ſurprẽdre les

117 474 901 61 moins auiſez, a telles façõs & ceux qui ont l’ame &

117 523 902 61 le cœur droit & ſãs deffiãce. O quels eſtats! ô quel¬

118 571 898 64 le reformation, ô tẽps deplorable. Quoy? ſeignes

116 623 902 58 tu du nez encore, Catholique, ce n’eſt pas en ces af

118 669 899 61 faires cy où l’on doit caller le voile. Noſtre Dieu

118 720 893 60 n’ayme que celuy qui eſt violent & hault aux ar¬

115 770 897 61 mes, & zelateur de ſon ſainct nom. Quoy? es tu ſi

114 817 897 60 laſche & ſi ſtupide: as tu les yeux tellement bandez

112 871 898 53 que tu ne puiſſe atteindre où viſe ceſt hipocrite a¬

112 914 895 59 uec ſa legion d’atheiſtes ? Veux tu attendre à te re¬

110 963 898 63 ſouldre quand tu voyras ta propre poitrine ſeruir

112 1012 888 61 de fourreau à ſon eſpee ia teinte du genereux ſang

112 1059 893 60 des Cheualiers de Ieſus Chriſt, & qu’il ſe ſera bai¬

114 1109 891 61 gné iuſqu’aux eſpaules au ſang de ta femme & de

110 1159 894 62 tes enfans? Quelle fidelité auras tu à ce Tyran qui

108 1209 896 62 a fait daguer celuy qui a maintenu & conſerué ſa

108 1258 894 60 couronne, contre les orages des Heretiques: meſ¬

106 1304 893 67 mes ſans aucun reſpect de la ſaincte aſſemblee des

105 1356 889 59 eſtats: ayant perdu toute ſouuenance des promeſ¬

103 1404 891 60 ſes qu’il luy feit, auec les plus grandes execrations

107 1453 887 56 qui ſe puiſſent dire, en receuant ſon createur, meſ¬

102 1500 893 62 mement en ſa chambre, laquelle il diſoit, pour fi¬

103 1549 892 80 nemẽt ioüer ſa farce, eſtre vn aſyle de ſeureté & de
