1090 1772
133 35 896 75 bras de miſericorde, & d’exterminer voſtre enne¬

134 92 895 67 my couuert & ouuert: voſtre querelle eſt ſi iuſte: ſi

134 139 898 70 l'on ne venge le tort qui luy eſt fait, veu que il dict

133 188 898 66 nolite tangere Chriſtos meos, gardez vous bien de tou¬

134 235 897 70 cher mes preſtres, aſſeurez vous qu’il ſ'en vengera

133 282 897 67 bien, nous faiſant payer l’intereſt de noſtre laſche¬

134 332 895 69 té & couardiſe. Que ſi meſme nous nous fondons

136 383 893 65 en bon terme d’atheiſtes, comme font nos poli¬

134 432 892 67 tiques & le prince d’iceux, nous arreſtant és cho

132 477 892 74 ſes humaines, ſans cõſiderer la puiſſance de Dreu,

136 528 892 69 & que nous meſuriõs ſes forces à la valleur de noz

134 576 893 69 Princes Catholiques zelez grandement à ce faict

135 625 890 72 cy. & des braues capitaines qui ſ'y employẽt, ſans

137 670 563 71 doute nous aurons du meilleur

547 1 57 52 16

180 732 843 60 Penſez, meſſieurs de Paris, en quel piteux deſa¬

131 772 893 68 ſtre il s’eſt reduit, conſiderez vn peu que le ver de

133 822 891 66 conſcience le bourrelle, & luy ronge le cœur, &

135 871 890 64 que les furies infernales voltigẽt ſans ceſſe autour

132 921 893 62 de luy auec leurs flambeaux ardents, luy faiſant

131 968 894 66 ſentir de ceſte vie preſente le ſouphre, le feu auec

131 1016 894 67 toutes ſortes de matieres cõbuſtibles qui l’atten¬

132 1067 891 63 dent bien toſt là bas: en toutes vos ſainctes entre¬

135 1116 890 65 priſes, fortifiez vous du S. nom de Dieu, & lors

134 1164 886 66 vous ſerez garentis & preſeruez de voz ennemis,

131 1214 892 62 en tenant le pied ferme contre les entrepriſes d'i¬

131 1263 894 64 celuy. L'exemple de ces pauures Princes vous

131 1312 894 62 doit ſeruir de leçon, & vous rendre plus ſages &

130 1361 895 62 mieux auiſez en vos affaires, car quelle fidelité &

129 1413 896 61 aſſeurance aurez vous à vn pariure? quelles pro¬

130 1458 894 61 meſſes fit il aux Polonnois? quels ſerments exe¬

132 1508 893 61 crables ſi ſouuent reiterez a il faict à nos Princes?

131 1554 897 83 Iudas eſtoit traiſtre, mais il ne faiſoit de telles pro¬

881 1615 132 77 meſſes,
