1126 1778
520 14 43 58 17

86 55 915 69 meſſes, que penſez vous? il vous promettra tout

86 106 918 67 ce que vo⁹ voudrez. Mais il ſçait vne belle maxime

86 154 914 68 de ces Machiaueliſtes, qui luy ſeruira d’echapatoi¬

86 200 918 71 re & de ſouuerain antidot, que le prince n'eſt obligé à

90 250 913 75 garder ſes promeſſes. Preuoyez les inconueniens

90 302 915 68 qui vous enuironnẽt, retirez le couteau qui pẽd de

87 350 918 66 ſus vos teſtes, que ſi au contraire, Dieu permettra

89 399 917 68 que ſa rage eſcumeuſe ſ’eſlancera ſur vn chacũ de

89 449 913 65 vous. Mais quoy appellerez vous voſtre Roy celuy

90 499 914 63 qui eſt du party de vos ennemis? appellerons nous

90 545 916 65 bon Roy celuy qui a ruiné tous ſes ſubiects, & qui

89 595 910 63 de la deſpouille de plus d’vn million d’iceux a en¬

88 646 914 63 richi exorbitammẽt vn ſorcier qui eſt tout pourry

88 693 916 65 & rongé des eſcrouelles? direz vous celuy la e¬

88 740 919 68 ſtre voſtre Roy qui a violé la iuſtice, laquelle il

91 794 916 63 vous doit, la rendant à la poſte & fantaiſie de ce

92 844 914 61 Gaſcon? Appellerons nous Catholique celuy qui

88 893 917 61 ſouz main, fauoriſe l’heretique? direz vous celuy la

91 940 913 67 tres-chreſtien qui a faict tant d’edicts à l’aduanta¬

93 992 911 62 ge des heretiques, vſant de grãde douceur enuers

89 1042 916 59 eux, leur emmõcelant annees les vnes ſur les autres

89 1087 913 62 a cellefin qu’ils ſ'auiſaſſent? appellerez vous le fils

89 1136 912 63 aiſné de l’Egliſe celuy qui a tant ruiné l’Egliſe? Re¬

93 1187 911 60 puterez vous celuy la grãd Catholique qui diſtri¬

96 1231 906 68 bue les Eueſchez & Abbayes à ces courtiſãs & aux

92 1284 911 64 plus ſignalez putains de ſa court? Direzvous celuy

94 1332 908 66 la eſtre vray Chreſtiẽ qui a vẽdu à beaux deniers

89 1383 916 63 contans aux Venitiens plus religieux que luy la

93 1429 911 66 vraye Croix où Ieſus-Chriſt auoit eſté attaché &

91 1475 910 70 cloué, l’abſẽce de laquelle a eſté le mal-heur de no¬

89 1526 912 71 ſtre France? appellerez vous celuy la bon Catholi¬

86 1576 907 92 que qui ſ’allie a l’heretique? Car n’eſt il pas cheua¬

807 1628 40 68 C
