1078 1772
121.0 60.0 659.0 65.0 O Trahiſtre effeminé, baladin ſanguinaire,

86.0 113.0 616.0 60.0 Atheiſte couuert, grand concußionaire,

89.0 161.0 773.0 60.0 Tu nous rauiz nos chefs ces deux Princes Lorrains,

84.0 211.0 755.0 60.0 Qui ſeruoient de frayeur aux Huguenots mutins,

83.0 256.0 738.0 63.0 Alterez dés long temps de noſtre ſang. Courage:

81.0 308.0 710.0 63.0 Nous esperons dompter, de ce Tyran la rage.

506 25 49 44 22

479.0 372.0 83.0 41.0 III.

90 504 80 1 T

181 404 634 58 Out ainſi que Iudas a liuré Ieſus Chriſt,

181 448 614 68 (Qui nous a retirez du ſeiour tenebreux,

84 503 700 63 Où voltigent par l’air des fantoſmes hydeux)

84 551 714 64 Le Ieudy en la Cene, le ſainct Sacrement priſt,

122 600 714 66 Proteſtant à ſon Dieu, qu’encor qu’on le trahiſt

88 650 631 64 Qu'il luy ſeroit fidelle: mais l’auaricieux,

81 700 647 60 Le trahiſt luy donnant vn baiſer gracieux,

83 747 669 66 Puis creué, par le ventre il pouſſa ſon eſprit.

124 797 710 64 Ainſi Henry receut le corps du Dieu viuant:

80 847 688 63 Le Jeudy deuant tous, ces mots en prononçant

87 897 631 64 Que ce ſacre manger ſoit m’a damnation,

118 942 686 62 Si ie n’ayme ces Princes ſans fard ne fiction,

80 988 730 63 Et puis le Vendredy meurtrit le Duc de Guyſe

79 1039 737 72 Et ce grand Cardinal, deux pilliers de l'Egliſe.

429.0 1106.0 105.0 42.0 II1I.

81 1251 72 1 P

165 1147 690 59 Aſſant, tu t’esbahis du malheur de la France

160 1185 599 68 Mais ſi la Sodomie, & l’adultere a lieu,

148 1240 631 61 Si violer Nonains ce n'eſt qu'vn petit ieu,

80 1287 595 64 Et ſi l’iniquité vogue en toute licence.

110 1337 645 62 Mais ſi l’ambition marche auec arrogance

83 1386 628 62 Si lon eſt cheualier de l’ennemy de Dieu,

82 1432 614 67 Et ſi le ſortilege ſ'eſtale au beau millieu,

81 1482 731 65 De la cour de Henry, le bourdeau & la dance.

117 1533 613 58 Si l’on a eſcorché, & miné iuſqu’aux os

82 1581 674 62 Le peuple en inuentant mille ſortes d’impots,

82 1632 499 68 Et ſi l'on a forcé la Conciergerie,
