1118 1778
528 27 47 48 21

105 77 895 62 ſon Egliſe: pourueu que gemiſſans nos pechez qui

100 121 905 62 cauſent ce malheur, & faiſans vne penitence pro¬

105 174 900 58 portionnee à nos offences nous nous conuertiſ¬

102 217 906 62 ſions à luy, vous aſſeurans qu’il eſtendra ſur nous

102 267 909 60 ſon bras de miſericorde, & enuoyera ſon Ange

107 316 905 65 pour foudroyer ceux qui ſ'eſleuẽt à l’encontre de

105 367 740 58 nous. De Poytiers ce 15. Ianuier, 1589.

146 469 837 62 A la ville de PARIS la premiere de l’Europe.

559 531 29 37 I.

119 667 52 1 S

179 567 673 52 Vs deßille tes yeux, theatre des François,

183 608 666 67 Et regarde ſans ceſſe au mal qui te tallonne,

141 659 788 61 Preuiens ce cruel tyran, qui ce malheur te donne:

118 707 629 64 Qui eſt vn hypocrite, & vn ruzé matois.

146 756 696 65 Recherche l’alliance des belliqueux Gaullois

115 810 645 58 Et du pays voifin, qui ton mur enuirome

116 859 680 57 Pour rauir de ſon chef ceſte torce courone,

120 908 763 60 Qui conſacre à memoire la gloire de nos Roys.

149 959 760 58 Sus d’vn cœur genereux reprens nouuelles forces,

117 1004 661 59 Et ne te laiſſe aller à ces friandes amorces,

116 1051 744 64 Car il eſt double en l’ame, & pipeur en la voix.

151 1102 721 58 Mais reſerre le moy au creux d’vne Rochelle,

119 1149 640 62 Où la ſale vermine luy ronge la ceruelle,

118 1196 817 64 Car vn villain Herodes, eſt Henry de Valloys.

527 1265 52 40 II.

137 1387 78 2 C

223 1300 642 57 E meurtrier de Princes a ioué deux rolets

222 1342 799 64 Comme vn farceur boufon ſur l’echafaut de France,

122 1392 737 64 Soubs la peau du Renard, auec belle apparence,

124 1444 652 62 Portant à ſon coſté de ces gros chapellets:

157 1496 756 58 Et vn grand manteau gris flotant ſur ſes iarets

128 1583 647 5 Et vn grand manteau gris flotant ſur ſes iarets

120 1589 721 65 Soubs le cuir du Lyon bouſouflé de vengence,

124 1639 808 73 S’enyure du beau ſang de deux Princes immortels.

737 1693 88 61 C iij
