1180 1796
500 40 65 49 20

96 75 892 67 fcait qu’il eſt retrãché de la compagnie des Chre¬

96 128 890 64 ſtiens, & ſemblablement ceux qui l’aſſiſtẽt, l’ho¬

95 175 895 66 norent, & l’aydet de leurs moyens, que direz vous

95 227 896 65 à ces choſes ?quelle replique ſerez vous? l’on ſçait

104 276 885 65 par vne prarique ordinaire que les vlceres inte¬

94 326 894 63 rieurs ſont moins gueriſſables, que ceux qui ap¬

97 373 893 67 paroiſſent ſur la ſuperficie du corps: d’autant que

95 421 895 65 la maladie eſt occulte, la tente & moins cogneue

94 468 899 67 du chirurgien. Ne nous a il pas aſſez pipé quand il

95 518 898 66 faiſoit ſa belle penitence par les rues de Paris?

98 567 893 66 quand il viſitoir ſi ſouuent ſa maiſon des Capu¬

96 620 893 61 cins? & qu’il alloit par deuotion porter des chan¬

95 665 898 68 delles aux religieuſes de Poiſſy?O que c’eſt vne bel

93 717 900 62 le couuerture que le manteau de pieté & de reli¬

96 765 897 64 gion! Quelle eſperance vous reſte il, meſſieurs, de

95 817 894 60 ce tyran, ſinon que la diuine vengence, deſtour¬

94 864 900 58 nant ces pernicieux conſeils & deſſeins deſſus ſa

95 910 900 62 teſte, s’eclate, & miſerablement le foudroye, le

94 960 901 66 croniquant ſelon ſon merite & l’immortaliſant

95 1009 371 60 a toute la poſterité.

140 1067 851 58 Sus Chreſtiens, reprenons nos forces du tout a¬

93 1106 905 67 batardies, prenons vn demy doigt de courage, le

95 1159 901 61 grand Dieu du Ciel te le recognoiſtra, qui a per¬

93 1208 906 60 mis que ces deux premiers pilliers de noſtre Egliſe

93 1256 905 64 ayent eſté atteraſſez : attendu qu’il eſtoit ialoux, &

91 1308 907 61 irrité du peu d’honneur que nous luy portions:

93 1355 904 58 voyant que nous fondions dauantage, & arreſtiõs

90 1401 909 64 noſtre aſſeurãce és choſes ſecondes, ſans auoir re¬

91 1453 911 61 cours aux premieres: ayant bonne eſperance qu’il

92 1500 911 64 manira les cœurs endurcis de nos ennemis, & qu’il

94 1548 910 62 excitera les princes du ſang Lorrain (comme au¬

92 1595 910 64 trefois les vaillans Machabees) à venger ſa que¬

90 1641 913 77 relle, ſouſtenir ſon honneur, & l’aduancement de
