1062 1776
536.0 17.0 53.0 48.0 24

267.0 53.0 729.0 69.0 Reſormans à veue d’œil mon ſceptre tyrãnique¬

301.0 106.0 697.0 65.0 Puis ſuyuant de mon nom l’heureuſe inuerſion

268.0 151.0 690.0 71.0 Que i’ay receu de Dieu par celeſte influence,

260.0 204.0 654.0 59.0 Le Iudas, en mon cœur recelant trahiſon.

260.0 249.0 736.0 67.0 Le Nero, meurtriſſant la peu-caute Jnnocence:

259.0 299.0 701.0 68.0 Car i’ay deuant mon Dieu vn Cardinal ſacré

260.0 351.0 652.0 68.0 Et vn braue guerrier mes parens maſſacré.

515.0 415.0 93.0 45.0 VII.

385.0 449.0 336.0 52.0 A la ville de Paris.

115 584 49 2 P

180.0 494.0 655.0 65.0 Aris, n’honore plus Henry plain, de feintiſe,

174.0 540.0 656.0 66.0 Ce braue cheualier de l'Angloiſe Iartiere:

99.0 592.0 723.0 65.0 Pour lequel le Chreſtien ne faict plus de priere,

100.0 641.0 632.0 64.0 Car il eſt retranché du giron de l'Egliſe.

133.0 691.0 609.0 64.0 Ne te laiſſe mener par le nez à ſa guiſe:

99.0 740.0 700.0 64.0 A la paix ſimulee vray piege & vray taniere

99.0 786.0 644.0 66.0 Où il te veut conduire à ſa façon premiere,

97.0 837.0 730.0 65.0 Mais espere en ton Dieu qui le ſien ne mespriſe.

135.0 888.0 663.0 64.0 Il a bonne memoire du iour des barricades,

95.0 936.0 733.0 65.0 Où l’on chargea ſi bien à coups d’arquebuzades,

95.0 987.0 630.0 62.0 Ces gens encuiraſſez, il en a grand deſpit.

125.0 1036.0 719.0 65.0 Et vous diuins esprits zelez pour Ieſus Chriſl,

93.0 1084.0 729.0 64.0 Faites fondre ſur luy vos carmes Satyriques,

91.0 1134.0 731.0 70.0 Eterniſant ſon nom au plus creux des Croniques.

395 1195 195 52 Diſtichum.

90.0 1233.0 603.0 60.0 Hic eſt Henricus quo religioſius extrà

110.0 1281.0 595.0 58.0 Orbe nihil: Gallis intus at exitium eſt.

84.0 1330.0 667.0 61.0 Icy tu voys d'Henry le dehors tres-pieux,

86.0 1380.0 684.0 68.0 Mais le dedaus recelle à la France des feux.

465.0 1478.0 143.0 62.0 FIN.
