1104 1782
110.0 63.0 648.0 63.0 Par les gardes du Roy: ſi la gendarmerie,

83.0 114.0 580.0 62.0 Rençonne en liberté le pauure paiſant,

83.0 159.0 668.0 70.0 Malheur ne va-il pas la France moiſſonant?

100 359 90 0 M

209.0 262.0 678.0 58.0 Ais quoy?ſi l’Hereſie paillarde eſt à tes yeux,

84.0 357.0 698.0 64.0 Si d’vn beau ſang ſacré l’on a ſouillé ces mains

205.0 304.0 731.0 67.0 Et ſi l’on a meurtry deux grans princes Lorrains.

85.0 406.0 732.0 63.0 Et ſi les Politiques manient la France entre eux.

113.0 457.0 644.0 65.0 Mais ſi fauſſer ſa foy & piper ſe ſont ieux,

82.0 502.0 740.0 70.0 Et mytrer des gros Aſnes, & croſſer des putains

82.0 556.0 680.0 62.0 Et fi l’on ne peut point accroiſtre les humains

85.0 602.0 697.0 66.0 Pour eſtre à l’amerçy d’amour & de ces ſeux.

116.0 652.0 718.0 67.0 Si pour gaigner ſa cauſe l’on eſt le plus offrant,

85.0 703.0 651.0 63.0 Et la premiere piece du proces c’eſt argent,

84.0 747.0 698.0 68.0 En gaignant d’vn Gaſcon la faueur gratieuſe.

122.0 797.0 690.0 64.0 Si l’on ne guarit point du mal des eſcrouelles,

83.0 846.0 722.0 64.0 Si ce ſorcier prend tout qui eſt rongé d’icelles,

82.0 894.0 710.0 71.0 France n’eſt elle pas en tout point malheureuſe?

494.0 29.0 49.0 48.0 23

509.0 227.0 25.0 43.0 V.

321.0 989.0 400.0 63.0 ANAGRAMME.

255.0 1041.0 562.0 60.0 ENRY DE VALLOYS

259.0 1089.0 565.0 65.0 LE IVDAS LE NERO.

352.0 1133.0 367.0 72.0 En forme de Dialogue.

271.0 1190.0 526.0 66.0 L’autheur parle auec Henry.

505.0 962.0 55.0 40.0 VI

256 1387 79 0 D

86 1287 127 83 L’auth.

338 1287 626 64 ’Où vient cruel tyran, organe Satanique

346 1336 639 68 Qu’eclipſes de ma veue, deux Soleils lu¬

352 1396 157 53 mineux.

247 1436 721 60 Par vn meurtre ſi laſche ces Princes genereux,

241 1485 746 64 Qui ſeruoient de rempart au pauure Catholique.

82.0 1529.0 153.0 75.0 Henry.

261.0 1537.0 726.0 59.0 Car, ils ont terraſſé la grãd troupe Heretique,

240.0 1583.0 632.0 63.0 De mes empiſtolez d’vn bras victorieux,

242.0 1633.0 657.0 72.0 Et ſ’ingeroient par trop me faire vertueux,
